1861 3007
599 160 789 201 LATIN
835 158 1101 199 READER
1611 158 1680 209 47

93 314 245 373 Rich&
276 320 320 362 εῑ
347 312 507 376 sapis.
532 339 602 344 —
626 309 918 358 MAR'HAL.

93 402 359 465 Magnum
389 404 473 446 est
500 394 739 459 vectigal
769 391 1139 459 parsimonia}
1160 423 1225 427 —v
1245 392 1479 441 CICERO.

92 487 240 536 Leve
267 485 327 534 fit
355 482 501 549 quod
531 481 672 531 bene
703 480 877 529 fertur
906 495 1060 528 onus.
1080 509 1145 513 -—
1167 478 1335 528 Ovn).

93 558 268 622 Duloe
296 578 352 620 et
378 569 636 637 decorum
667 575 750 616 est
779 572 877 631 pro
907 563 1082 630 patria
1114 569 1262 613 mori.
1283 592 1355 599 —
1376 563 1639 611 HORACE.

43 666 47 670 “
91 657 389 710 (ΞειΙειῐῃίῖέιε
419 653 634 705 virtutis
652 653 669 679 ²
697 651 913 702 occasio
942 659 1039 700 est.
1060 681 1127 685 ἢ
1148 650 1397 700 SENECA.

93 743 361 795 Memoria
407 749 491 791 est
533 741 826 790 thesaurus
869 738 1114 787 omnium
1159 742 1340 785 rerum
1384 743 1438 785 et
1482 739 1679 783 custos.

1362 852 1429 856 —
1448 821 1680 872 CICERO.

93 918 151 969 Si
169 923 250 967 vis
278 921 465 976 amari,
495 919 636 964 ama.
656 944 723 949 —-
745 913 992 964 SENECA.

93 1004 278 1054 Homo
318 1002 512 1052 doctus
552 1000 606 1050 in
645 1005 703 1049 εὲ·
736 1014 954 1064 semper
983 995 1200 1046 divitias
1229 994 1409 1045 habet.

1271 1083 1683 1131 ——PHAEDRUS.

93 1176 444 1241 Ubicumque
491 1175 658 1224 horno
704 1180 804 1232 est,
853 1170 929 1221 ibi
969 1169 1238 1221 beneficio
1277 1168 1462 1218 locus3
1499 1174 1596 1217 θεῖ.

1343 1285 1414 1290 ——
1434 1254 1681 1306 SENECA.

95 1348 306 1400 Hom->⁴
333 1365 470 1410 sum,
500 1356 554 1399 et
590 1346 727 1397 nihil
754 1346 983 1395 humani
1009 1344 1248 1394 alienum
1272 1348 1302 1391 ὲῑ
1333 1347 1418 1391 me
1448 1346 1597 1406 puto.
1712 1363 1753 1384 10

57 1425 59 1427 ¹
1225 1459 1295 1464 —
1315 1425 1689 1477 TERENTIUS.⁵

96 1522 249 1572 Nihil
275 1521 423 1572 aliud
451 1529 534 1572 θεῖ
557 1520 793 1571 ebrietas
822 1534 985 1585 quam
1016 1514 1358 1567 voluntaria6
1386 1513 1613 1564 insania.

1351 1631 1419 1636 —
1441 1600 1686 1651 SENECA.

97 1694 249 1745 Nihil
277 1701 430 1745 arnas
457 1712 579 1745 Cum
610 1693 886 1759 ingratum
917 1696 1088 1741 arnas.
1111 1719 1184 1727 —
1208 1689 1492 1738 PLAUTUS.

97 1782 430 1833 Beneficium
455 1783 705 1847 accipere
720 1780 1027 1830 libertatem
1048 1776 1469 1827 estvendere.—
1486 1774 1688 1825 SYRUS.

98 1867 309 1919 Faber⁷
337 1877 422 1919 θεῖ
450 1884 581 1918 suae
610 1867 842 1933 quisque
872 1866 1143 1915 fortfinae.
1169 1892 1240 1897 —
1261 1862 1544 1913 SALLUST.

27 2007 126 2050 who
141 2014 280 2051 wrote
302 2008 537 2064 charming
560 2007 640 2050 but
663 2006 815 2049 rather
973 2017 1012 2056 5.
1061 2004 1245 2045 Pfiblius
1289 2001 1527 2044 Terentius
1570 1989 1692 2051 Ᾰΐθτ,

28 2079 140 2137 light
154 2095 281 2123 verse
303 2081 349 2122 in
373 2081 450 2123 the
468 2080 636 2137 golden
654 2078 814 2135 period
900 2077 1002 2119 who
1040 2075 1161 2119 lived
1198 2075 1311 2117 later
1343 2074 1454 2116 than
1496 2072 1693 2124 Plautus,

26 2151 75 2194 of
91 2153 270 2195 Roman
293 2153 533 2196 literature.
901 2149 992 2191 and
1029 2155 1166 2191 wrote
1210 2145 1437 2190 comedies
1482 2145 1527 2187 in
1570 2158 1694 2187 more

100 2239 138 2266 1.
181 2226 483 2278 parsimonia:
517 2225 674 2282 tlzrzfl.
902 2221 1110 2278 polishecl
1135 2220 1264 2263 form.

99 2312 138 2339 2.
183 2299 393 2340 visti—itis:
420 2301 631 2341 vz'rtuons
652 2298 815 2339 action.
977 2300 1015 2335 6.
1063 2296 1264 2336 Because
1324 2292 1399 2334 the
1465 2290 1694 2333 drunkard

99 2385 138 2422 3.
183 2373 329 2414 locus:
364 2373 676 2427 opportunity.
904 2364 1411 2410 becomesintoxicated
1431 2364 1489 2420 by
1506 2363 1577 2405 his
1596 2377 1695 2405 own

101 2459 143 2496 4.
187 2446 220 2486 l
225 2459 301 2486 am
324 2459 352 2486 a
374 2445 551 2486 human
566 2444 703 2498 being,
721 2443 821 2484 and
903 2447 990 2483 act.

30 2515 218 2572 nothing
239 2516 469 2572 belonging
499 2521 543 2557 to
573 2515 816 2569 hnmam'ty
976 2526 1015 2564 7.
1061 2513 1148 2554 We
1203 2525 1281 2566 say
1324 2510 1567 2560 arclzz‘lecl;
1621 2507 1698 2549 the

29 2587 85 2630 do
128 2590 162 2629 I
203 2589 376 2645 regard
420 2603 474 2630 as
523 2588 694 2630 outsz'de
744 2601 816 2641 my
904 2588 1105 2628 Romans
1167 2583 1266 2626 said
1315 2583 1469 2624 smith.
1565 2582 1699 2624 Gaius

30 2659 228 2703 interest.
902 2660 1082 2711 Crispus
1096 2657 1344 2700 Sallustius
1355 2662 1491 2697 wrote
1507 2654 1694 2709 history.
