1903 2946
199 161 267 197 20
391 156 394 159 '
789 148 983 191 LATIN
1028 150 1292 192 READER

198 299 253 349 in
299 299 625 350 deteriorem
673 297 1085 349 condicionem¹
1129 315 1290 365 quam
1342 299 1493 364 prius
1536 288 1862 360 inciderunt,

199 402 326 435 narn
367 385 603 445 domina,
647 384 716 434 de
755 384 888 434 hora
939 384 1117 435 noctis
1161 385 1387 445 incerta,
1428 400 1576 434 nunc
1626 384 1864 435 famulas

199 487 367 538 saepe
394 471 500 521 iam
530 476 706 536 prima
735 470 930 521 nocte2
957 470 1244 521 excitabat.

562 642 654 698 23.
742 623 1020 682 Avarz'ce
1061 623 1311 702 Brings
1359 623 1514 681 Loss

275 747 475 799 Mulier
515 747 776 814 gallinam
829 747 1086 809 habebat,
1129 764 1270 814 quae
1323 747 1405 797 ei³
1445 745 1644 797 cotidie
1695 752 1865 796 finum

160 840 363 889 sovum
410 833 697 900 pariebat:¹
776 834 878 884 Illa
916 835 992 884 ita
1032 833 1404 884 existimabat:
1449 833 1558 884 “Si
1603 832 1885 898 gallinam'

199 937 378 971 meam
419 919 700 985 saginabc‘),
742 920 871 970 bina
911 927 1005 970 aut
1056 928 1213 970 terna
1253 926 1358 969 ova
1397 919 1596 969 cotidie
1637 917 1864 985 pariet.''

200 1006 311 1057 Sed
351 1006 569 1072 gallina,
611 1007 719 1056 iarn
774 1007 1011 1072 pinguis,
1054 1012 1157 1056 ova
1198 1021 1391 1071 parere
1431 1003 1628 1054 desiit.⁵
1706 1004 1865 1055 Haec

197 1091 387 1143 fabula
415 1092 576 1143 docet
603 1092 886 1143 avaritiam
916 1108 1081 1158 saepe
1111 1092 1267 1143 esse⁶
1292 1091 1632 1141 damnosam.

403 1265 493 1320 24.
580 1245 713 1304 His
757 1246 883 1304 Lot
926 1254 1036 1304 not
1075 1267 1138 1303 so
1182 1243 1337 1303 Bad
1373 1245 1542 1323 after
1581 1242 1681 1302 all

271 1370 453 1422 Senex
517 1372 571 1420 in
631 1370 768 1421 silva
819 1371 970 1436 ligna
1031 1369 1341 1421 ceciderat.⁷
1451 1370 1545 1419 Eis
1600 1368 1869 1428 sublatis,⁸

136 1457 456 1507 10domum⁹
508 1457 686 1507 redire
738 1458 936 1523 coepit.
1017 1457 1204 1508 Onere
1257 1464 1312 1506 et
1362 1455 1451 1506 via
1508 1455 1863 1520 defatigatus,

196 1543 404 1594 fascem
448 1543 703 1608 deposuit
742 1550 908 1609 atque
949 1549 1136 1593 secum
1170 1543 1365 1592 aetatis
1393 1549 1448 1592 et
1476 1541 1694 1607 inopiae
1723 1541 1866 1591 mala

196 1628 690 1695 contemplabatur.
773 1630 1010 1680 Mortem
1053 1629 1277 1679 tandem
1318 1628 1464 1678 clara
1490 1634 1625 1678 voce
1653 1628 1866 1677 invoca-

194 1715 303 1765 vit:
348 1716 493 1765 “Me
533 1715 601 1765 ab
641 1715 897 1766 omnibus
950 1716 1034 1765 his
1088 1715 1246 1765 malis
1301 1712 1523 1764 libera.’'
1605 1713 1864 1764 Precibus

196 1800 342 1852 senis
371 1801 584 1862 auditIS,
620 1803 772 1852 Mors
796 1801 976 1852 subito
1004 1801 1228 1862 adstitit,
1253 1809 1307 1851 et
1344 1799 1475 1867 quid
1511 1816 1680 1850 senex
1700 1799 1866 1850 vellet

257 1926 295 1952 1.
341 1914 387 1954 in
449 1913 712 1954 deteriorem
770 1913 986 1954 condicio-

194 1996 325 2025 nem:
397 1985 498 2040 tlzey
540 1985 638 2043 fell
692 1987 788 2028 into
842 2000 986 2033 worse

198 2056 363 2113 plzglzt.

254 2143 294 2170 2.
340 2130 487 2182 prima
532 2132 688 2173 nocte:
717 2133 767 2174 in
798 2131 871 2174 tlte
891 2145 988 2174 eve-

195 2203 341 2257 ning3
373 2202 578 2259 literally,
611 2209 663 2245 at
692 2203 766 2246 tlte
783 2205 901 2259 first
936 2204 996 2262 of

193 2273 266 2315 the
287 2273 431 2329 mglzt.

252 2360 293 2396 3.
325 2347 416 2403 for
469 2347 563 2401 her,

195 2432 388 2460 woman.

252 2505 290 2542 4.
334 2492 469 2533 From
508 2493 647 2547 parib,
678 2494 816 2550 bring
829 2493 982 2550 forth,

193 2563 283 2617 lay.

253 2648 292 2686 5.
340 2637 476 2679 From
499 2641 667 2693 desino,
689 2652 820 2681 cease.

629 2349 704 2390 tle.
771 2348 840 2392 for
905 2348 984 2391 the

1130 1918 1168 1954 6.
1214 1911 1442 1954 Infinitive
1478 1911 1523 1953 in
1556 1925 1614 1953 an
1646 1910 1864 1966 indepen-

1073 1985 1183 2028 dent
1234 1984 1385 2028 clause
1438 1983 1490 2026 of
1534 1982 1726 2026 indirect
1770 1982 1861 2025 dis-

1072 2071 1244 2101 course.

1133 2143 1169 2182 7.
1219 2130 1354 2172 From
1376 2129 1524 2170 caedo.

1131 2208 1171 2244 8.
1217 2205 1282 2243 eis
1358 2204 1574 2244 sublatis:
1648 2199 1861 2243 Ablative

1071 2275 1309 2318 Absolute.
1376 2277 1568 2317 sublatis
1591 2272 1628 2315 is
1651 2273 1728 2316 the
1760 2287 1860 2329 per-

1071 2347 1159 2391 fect
1182 2347 1414 2403 participle
1436 2346 1488 2390 of
1502 2347 1626 2388 tollo.

1129 2435 1169 2471 9.
1215 2422 1371 2462 domus
1448 2419 1540 2462 and
1601 2422 1689 2472 rfis‚
1769 2417 1859 2461 like

1071 2507 1226 2534 names
1270 2492 1321 2534 of
1366 2499 1526 2542 towns,
1570 2491 1738 2533 denote
1780 2490 1856 2532 the

1070 2565 1184 2607 limit
1207 2564 1258 2608 of
1275 2564 1450 2608 motion
1473 2563 1663 2606 without
1685 2576 1711 2604 a
1731 2576 1856 2619 prep-

1070 2636 1253 2680 osition.
