1899 2975
598 169 791 211 LATIN
837 169 1104 211 READER
1615 168 1644 216 8
1655 178 1678 229 5

28 305 236 371 Emittit
274 316 518 377 Notum,l
558 323 650 382 qui
673 315 852 367 evolat
900 317 1133 367 madidis
1172 317 1286 367 alis
1370 317 1471 368 Est
1512 318 1683 368 barba

25 403 200 473 gravis
240 404 453 464 nimbis,
485 409 636 453 canis
674 402 792 453 fluit
823 403 972 453 unda
1011 403 1236 469 capillis,
1268 404 1451 454 fronte
1487 404 1684 454 sedent

25 489 266 550 nebulae,
297 496 745 554 rorant'pennae.
826 489 906 540 Ut
946 489 1247 555 pendentia
1286 489 1476 540 nubila
1516 496 1679 539 mansi

26 575 229 643 pressit,
260 575 318 625 fit
346 575 548 640 fragor,
579 575 776 626 inclusi
802 575 1111 626 funduntur
1140 575 1208 625 ab
1241 576 1464 627 aethere
1492 576 1677 626 nimbi.

26 651 140 723 iris,
198 660 390 711 nuntia
458 660 702 722 IunoniS,
769 662 1011 727 concipit
1074 667 1245 728 aquas
1311 662 1681 728 alimentaque
1703 685 1720 720 5

26 747 255 799 nubibus
319 747 516 798 adfert.
621 748 956 799 Sternuntur
1020 754 1275 814 segetes;
1344 749 1488 815 perit
1552 754 1683 798 anni

27 834 170 900 longi
227 833 396 885 labor.
502 833 630 884 Non
682 834 837 884 caelo
889 839 990 883 suo
1041 842 1304 885 contenta
1356 842 1474 885 erat
1534 833 1682 885 Iovis

27 926 111 982 ira,
164 919 263 971 sed
318 919 472 970 illum
524 919 809 971 caeruleus
869 919 1074 971 frater²
1127 920 1278 970 iuvat
1328 919 1681 971 auxiliaribus

27 1007 192 1058 undis.

92 1093 373 1145 Convocat
404 1094 527 1144 hIc3
553 1099 759 1155 amne'S,
789 1101 846 1145 et
881 1094 1019 1144 haec
1058 1092 1222 1143 dixit:
1265 1094 1474 1144 “Vires
1507 1093 1682 1144 effun-
1704 1123 1749 1147 10

27 1178 129 1230 dite
167 1186 395 1230 vestras.
480 1180 569 1231 Sic
610 1197 749 1246 opus
786 1189 884 1230 est.
964 1179 1233 1246 Aperite4
1268 1180 1475 1230 domos.
1558 1180 1681 1230 Flu-

27 1265 289 1315 minibus⁵
320 1272 515 1316 vestris
547 1272 691 1316 totas
724 1265 1000 1317 immittite
1037 1265 1335 1316 habenaS.’'
1417 1266 1679 1316 Iusserat.

11 1352 100 1406 :Hi
133 1352 381 1412 redeunt,
411 1369 473 1402 ac
514 1352 760 1403 fontibus
801 1359 897 1402 ora
936 1351 1200 1403 relaxant.
1281 1352 1354 1403 Et
1393 1352 1682 1403 defrenato

11 1443 180 1488 'cursu
213 1437 505 1488 volvuntur
531 1439 585 1488 in
615 1455 868 1505 aequora.
952 1439 1251 1504 Neptunus
1284 1438 1556 1489 tridente⁶
1583 1445 1682 1489 suo

25 1523 289 1589 percussit
327 1534 544 1575 terram.
626 1525 730 1574 Illa
767 1524 1050 1575 intremuit
1088 1530 1351 1591 motuque
1382 1526 1500 1575 vias
1535 1533 1681 1590 pate·
1704 1551 1746 1588 15

25 1609 149 1660 fecit
180 1615 463 1676 aquarum.
543 1610 800 1661 Flfimina
835 1618 1001 1661 ruunt
1036 1627 1134 1676 per
1173 1617 1394 1677 apertos
1435 1617 1677 1677 campos

26 1695 248 1762 Iamque
296 1713 445 1747 mare
485 1704 540 1747 et
584 1696 748 1748 tellus
791 1696 1000 1747 nullum
1043 1696 1340 1747 discrimen
1383 1696 1678 1748 habebant.

25 1780 222 1832 Omnia
249 1790 452 1847 pontus
480 1791 651 1834 erant.

92 1867 345 1934 Occupat
397 1869 515 1919 hic⁷
566 1869 776 1930 collem,
829 1870 886 1920 in
946 1869 1145 1920 cumba
1188 1869 1344 1920 sedet
1400 1869 1573 1930 alter,⁷
1626 1877 1681 1920 et

25 1952 166 2005 ducit
247 1960 426 2005 remos
511 1955 605 2005 ubi
690 1961 868 2022 nuper
953 1961 1220 2006 araverat.
1328 1956 1430 2007 Ille
1514 1973 1680 2021 super
1699 1980 1745 2005 20

0 2046 235 2126 fsegetes
262 2048 356 2092 aut
383 2058 596 2092 mersae
625 2041 863 2092 culmina
889 2042 1051 2093 villae
1081 2042 1320 2108 navigat,
1353 2042 1439 2093 hic
1471 2041 1678 2108 piscem

0 2160 4 2236 ἱ

0 2237 5 2315 ι
93 2242 127 2268 1.
169 2230 311 2271 Notus
335 2229 532 2286 brought
565 2230 643 2272 the
666 2229 802 2273 mois-
886 2236 1045 2273 waters
1068 2229 1170 2272 flow
1190 2229 1323 2272 forth.

24 2299 268 2343 ture-laden
331 2301 488 2344 clouds
550 2302 664 2344 from
725 2303 802 2345 the
963 2315 1000 2353 5.
1043 2303 1327 2344 fluminibus:
1361 2304 1469 2359 give
1489 2301 1559 2344 all
1575 2303 1676 2344 rein

25 2384 110 2414 “ea.
886 2380 931 2416 to
941 2388 1063 2430 your
1083 2379 1290 2416 streams.

89 2457 131 2485 2.
172 2443 339 2487 frater:
375 2448 599 2502 Neptune,
616 2447 803 2489 brother
959 2452 999 2487 6.
1042 2447 1263 2488 tridente:
1318 2446 1395 2489 the
1417 2445 1597 2503 symbol
1620 2445 1672 2488 of

9 2518 12 2523 '
47 2513 70 2557 f
83 2516 255 2572 Jupiter
275 2518 366 2560 and
389 2518 487 2561 lord
510 2519 560 2561 of
577 2520 652 2561 the
676 2533 768 2562 sea.
886 2518 956 2561 his
979 2532 1145 2574 power.

88 2602 126 2639 3.
168 2591 264 2631 hic:
291 2592 520 2646 Neptune.
960 2605 999 2642 7.
1044 2593 1131 2645 hic,
1164 2593 1304 2633 alter:
1349 2605 1444 2643 one,
1466 2591 1674 2633 another.

89 2676 129 2712 4.
172 2665 369 2714 aperite:
429 2664 500 2705 i.e.
537 2669 586 2706 to
622 2663 681 2706 let
719 2663 797 2706 the
885 2663 1124 2720 Similarly,
1147 2665 1224 2704 ille
1246 2662 1339 2706 and
1360 2666 1431 2705 hic
1453 2662 1615 2705 below.
