1903 2946
214 187 282 239 70
794 180 986 222 LATIN
1031 180 1298 223 READER

287 329 512 378 Postero
540 327 627 377 die
655 333 764 388 rex,
813 336 905 394 qui
947 329 1215 396 Pyrrhum
1256 334 1530 378 exterrere
1571 335 1871 394 conspecti]

215 413 395 465 subito
434 414 716 479 elephanti
757 414 992 474 volebat,
1032 414 1320 479 imperavit
1361 422 1472 463 suis
1515 422 1589 474 ut,
1624 414 1874 465 Fabricio

214 507 401 551 secum
431 499 833 566 conloquente,l
855 500 1017 550 belua
1041 508 1164 566 post
1192 500 1442 550 aulaeum
1475 500 1872 552 admoveretur.

290 585 455 652 Quod
485 585 577 635 ubi
605 585 813 636 factum
843 594 940 647 est,
973 592 1132 652 signo
1160 586 1289 636 dato
1316 592 1636 652 remotoque
1664 586 1871 648 aulaeo,

176 695 193 729 5
214 673 377 723 belua
419 672 709 722 stridorem
756 672 1088 723 horrendum
1145 672 1338 732 emisit,
1387 679 1441 722 et
1492 671 1873 738 proboscidem

216 775 383 824 super
414 758 632 809 Fabrici
660 767 827 824 caput
854 758 1084 808 demisit.

289 845 401 896 Sed
428 844 553 906 ille,2
582 845 870 895 subridens
893 862 902 895 :

290 932 539 997 “Neque
569 931 686 982 heri
715 937 800 981 me
828 948 1020 981 aurum
1054 939 1207 981 tuum
1239 930 1478 997 pellexit,
1507 947 1688 997 neque
1717 931 1875 981 hodie

212 1017 409 1068 terruit
437 1018 599 1069 belua
625 1016 771 1067 tua.’'

155 1128 198 1151 10
290 1104 508 1154 Fabrici
548 1103 848 1155 admiratus
888 1105 1145 1154 virtutem
1191 1104 1431 1171 Pyrrhus
1471 1103 1623 1154 illum
1667 1109 1872 1154 secreto

214 1191 463 1241 invitavit
491 1198 550 1241 ut
578 1191 810 1256 patriam
841 1191 1121 1241 desereret
1148 1198 1202 1240 et
1231 1190 1299 1240 ad
1329 1196 1387 1240 se
1422 1198 1648 1251 veniret,
1684 1195 1872 1256 quarta

214 1285 369 1343 parte
412 1277 576 1327 etiam
621 1285 777 1342 regni
829 1285 914 1326 sui
965 1277 1183 1327 oblata.³
1281 1277 1423 1342 Regi
1470 1276 1755 1326 Fabricius
1801 1277 1871 1326 ita

214 1364 526 1429 respondit:
570 1368 598 1388 ‘⁴
619 1363 678 1414 Si
705 1369 794 1413 me
820 1364 996 1413 virum
1029 1363 1235 1413 bonum
1265 1363 1487 1436 iudicas,
1532 1369 1628 1413 cfir
1668 1369 1756 1412 me
1793 1371 1870 1413 vis

211 1449 600 1515 corrumpere?
682 1450 778 1501 Sin
806 1455 935 1500 vero
964 1449 1185 1510 malurn,
1216 1455 1312 1500 cfir
1346 1456 1431 1500 me
1464 1450 1745 1500 invitas?”

150 1560 192 1595 15
287 1536 539 1587 Medicus
568 1535 746 1601 regis4
772 1544 933 1586 nocte
971 1536 1040 1585 ad
1071 1535 1385 1586 Fabricium
1412 1537 1562 1586 venit
1603 1545 1761 1602 eique
1800 1535 1866 1587 ita

211 1623 485 1689 pollicitus
529 1630 644 1673 est:
703 1622 812 1673 “Si
853 1623 1160 1688 praemium
1208 1622 1341 1672 mihi
1380 1622 1550 1684 dabis,
1604 1623 1866 1691 Pyrrhum

208 1715 424 1759 veneno
466 1708 728 1759 necabo.'’
839 1709 1006 1759 Hunc
1056 1708 1341 1759 Fabricius
1388 1715 1632 1759 VInctum
1687 1709 1866 1760 reduci

209 1795 364 1846 iussit
393 1796 461 1845 ad
485 1795 785 1855 dominum,
816 1803 869 1846 et
901 1795 1110 1863 Pyrrho
1139 1795 1246 1845 dici
1273 1812 1413 1862 quae
1454 1801 1644 1845 contra
1673 1795 1865 1861 caput⁵

207 1881 323 1933 eius
353 1882 596 1932 medicus
626 1881 1031 1948 spopondisset.
1111 1881 1256 1931 Tum
1285 1887 1378 1931 rex
1405 1881 1604 1932 dixisse
1632 1882 1807 1932 fertur
1831 1881 1864 1931 ε(

143 1995 189 2019 20
210 1972 238 1993 ‘⁴
260 1953 365 2019 Ille
389 1976 473 2018 est
503 1967 803 2028 Fabricius,
836 1976 929 2034 qui
955 1966 1228 2018 difficilius
1258 1968 1326 2018 ab
1355 1968 1678 2019 honestate⁷
1705 1984 1865 2035 quam

207 2054 286 2105 sol
323 2060 354 2104 a
383 2061 482 2105 suo
511 2060 673 2105 cursu
705 2063 888 2120 potest
915 2054 1116 2104 averti!
1142 2053 1169 2072 ''

282 2249 318 2275 1.
363 2235 565 2275 Fabricio
637 2237 786 2275 secum
851 2235 995 2275 conlo·
1080 2232 1137 2290 of
1155 2232 1227 2274 lzz's
1249 2233 1475 2289 kingdom.

205 2309 395 2360 quente:
441 2306 575 2348 while
616 2306 856 2348 Fabricius
897 2320 994 2348 was
1153 2320 1194 2356 4.
1240 2307 1382 2357 regis:
1419 2306 1632 2362 Pyrrhus.

204 2378 386 2435 talking
400 2378 511 2420 with
535 2378 646 2419 lzz'm.
1154 2389 1194 2428 5.
1240 2380 1393 2420 contra
1410 2381 1567 2431 caput:
1595 2379 1780 2433 against
1798 2378 1865 2420 his

278 2466 318 2493 2.
365 2453 443 2492 sed
466 2452 569 2492 ille:
605 2464 732 2493 some
759 2450 881 2493 word
906 2449 996 2492 like
1080 2450 1117 2491 li
1138 2464 1172 2492 e.

205 2525 321 2567 dixit
344 2523 380 2566 is
402 2522 699 2566 understood.
1154 2528 1193 2563 6.
1239 2522 1405 2565 fertur:
1440 2524 1479 2564 is
1500 2524 1615 2565 said.

277 2611 318 2648 3.
364 2599 523 2649 quarta
544 2628 551 2636 .
574 2627 583 2636 .
606 2627 614 2636 .
641 2597 817 2637 oblata:
837 2598 996 2651 prom·
1155 2608 1193 2646 7.
1238 2598 1293 2637 ab
1332 2597 1592 2637 honestate:
1623 2595 1759 2652 from
1794 2595 1865 2637 the

204 2671 325 2725 ising
359 2668 453 2710 him
490 2681 598 2710 even
632 2682 660 2709 a
679 2667 852 2725 fourth
878 2671 996 2723 part
1087 2667 1310 2723 pathway
1332 2668 1389 2724 of
1399 2667 1558 2709 [eonor.
