1861 3007
588 155 781 196 LATIN
831 152 1095 193 READER
1606 141 1672 204 63

71 320 93 363 t
133 327 197 361 ex
244 314 354 357 sino
400 304 676 371 quondam
725 303 780 351 in
829 301 964 350 duos
1010 298 1244 364 populos
1291 296 1514 346 Albana
1557 292 1675 343 res¹

52 406 182 451 ivisa
209 396 327 454 est,2
374 398 449 442 sic
481 406 625 440 nunc
655 388 709 438 in
740 393 909 436 smum
939 384 1188 434 redibit.''

85 482 304 539 Albani,
355 478 592 527 inermes
645 482 699 525 et
752 473 819 523 ab
873 477 1096 522 armatis
1149 477 1344 534 saepti,
1399 466 1677 518 silentium

27 574 215 622 :enent.
295 565 436 614 Tum
467 569 558 612 rex
592 562 910 611 Romanus:

87 659 115 680 “
136 654 297 704 Metti
318 648 540 708 Fufeti,³
559 653 615 697 ti]
640 653 751 696 non
771 653 928 711 potes
947 643 1158 693 discere
1178 642 1341 692 fidem
1366 657 1429 691 ac
1451 639 1680 690 foedera
1702 652 1721 688 5

27 745 241 794 servare.
325 736 519 802 Itaque
548 741 734 783 mitem
765 730 1110 796 disciplinam
1141 728 1404 778 adhibere
1432 743 1537 792 ego
1568 731 1678 775 non

27 841 250 895 possum.
332 820 607 889 Quoniam
637 828 790 870 tuum
820 817 1104 883 ingenium
1124 813 1433 864 insanabile
1461 819 1559 871 est,
1586 817 1681 861 tuo

27 910 282 979 mpplieio
328 908 465 959 doce
510 908 812 957 hamanum
857 919 1034 970 genus
1086 918 1152 952 ea
1202 906 1394 951 sancta
1437 898 1675 958 credere,

27 1015 152 1067 quae
179 1003 211 1047 a
237 1002 293 1047 te
319 995 522 1046 violata
551 1001 694 1043 sunt,
777 992 857 1043 Ut
890 989 1056 1056 paulo
1093 996 1221 1038 ante
1264 985 1508 1036 animum
1538 983 1682 1034 inter

27 1085 310 1136 Fidenates
369 1083 762 1145 Romanosque
814 1075 1111 1142 ancipitem
1139 1072 1402 1139 gessisti,
1449 1072 1525 1122 ita
1571 1071 1679 1120 iam
1706 1091 1750 1115 10

28 1188 216 1237 :orpus
247 1169 451 1235 passim
482 1163 869 1217 distrahetur.”

90 1256 322 1308 Duabus
352 1254 633 1321 quadrigis
669 1251 919 1309 admotiS‚
951 1248 1146 1312 inligat
1178 1246 1451 1305 Mettium,
1483 1243 1683 1294 deinde

28 1347 75 1397 in
115 1346 390 1396 diversum
432 1341 563 1392 iter4
592 1344 718 1404 equi
755 1336 1015 1387 concitati
1043 1342 1186 1393 sunt,
1213 1333 1451 1382 lacerum
1482 1346 1683 1396 corpus

11 1432 320 1498 portanteS,
351 1431 383 1476 a
412 1430 522 1491 quo
551 1422 868 1490 spectaculo
895 1426 1087 1472 omnes
1116 1418 1302 1470 oculos
1331 1422 1663 1468 averterunt.

367 1692 459 1750 52.
552 1670 877 1751 Captured
915 1670 983 1748 by
1041 1669 1101 1726 T
1095 1667 1335 1746 νίψεν]

0 1807 12 1918 l
95 1820 305 1873 Urbem
341 1818 545 1870 Gabios
586 1816 919 1881 Tarquinius
960 1813 1243 1879 Superbus
1282 1811 1427 1876 cepit
1461 1807 1688 1859 fraude⁵
1710 1829 1751 1866 15

0 1907 172 1967 {Sexti
197 1906 292 1966 fili,
323 1913 416 1971 qui
443 1904 512 1953 ad
543 1903 787 1954 Gabinos
817 1906 875 1950 se
897 1900 1143 1958 contulit,
1169 1897 1340 1964 patris
1369 1894 1687 1946 saevitiam⁶

0 1970 78 2077 flin
105 1998 164 2042 se
189 1996 548 2057 conquerens

0 2085 3 2131 3
61 2095 63 2097 ,

99 2157 136 2184 1.
179 2143 354 2183 Albana
394 2144 488 2182 ras:
542 2139 616 2181 tlte
657 2137 808 2180 Alban
896 2139 978 2180 site
999 2137 1256 2178 directions,

0 2212 402 2259 lcommonwealtlz.
973 2222 1012 2260 5.
1058 2208 1239 2250 fraude:
1337 2203 1531 2261 through
1620 2203 1692 2246 tlze

0 2268 5 2359 {l
98 2301 139 2329 2.
183 2289 328 2329 divisa
349 2288 443 2328 est:
480 2291 524 2327 at
546 2284 626 2327 the
657 2282 814 2326 found·
897 2281 1108 2335 trickery.

0 2358 107 2415 ling
126 2358 176 2402 of
193 2361 352 2402 Rome.
971 2359 1012 2394 6.
1057 2353 1200 2406 patris
1230 2352 1500 2393 saevitiam:
1535 2349 1569 2392 it
1601 2363 1691 2391 was

0 2411 5 2450 ι
101 2446 140 2483 3.
185 2434 322 2474 Metti
379 2430 556 2472 Fufeti:
625 2442 814 2472 remem-
900 2426 999 2469 said
1026 2425 1122 2468 that
1150 2425 1206 2467 he
1234 2438 1349 2466 even
1379 2421 1564 2465 showed
1591 2420 1693 2464 self-

32 2502 110 2547 ber
140 2504 240 2547 how
271 2518 434 2560 proper
463 2516 618 2545 names
651 2501 697 2542 in
725 2502 813 2541 -ius
901 2498 1102 2541 inflicted
1161 2496 1364 2539 wounds.
1427 2494 1570 2537 which
1637 2494 1694 2536 he

33 2574 143 2619 form
165 2576 241 2619 the
263 2576 482 2619 vocative.
902 2570 1094 2614 claimed
1125 2569 1216 2611 had
1250 2568 1367 2611 been
1401 2566 1603 2609 inflicted
1636 2565 1695 2621 by

103 2665 144 2702 4.
188 2654 234 2694 in
249 2654 474 2694 diversum
488 2652 595 2692 iter:
617 2649 663 2688 in
681 2648 815 2701 oppo-
903 2643 978 2685 the
1002 2642 1125 2699 king.
