1903 2946
207 157 270 207 32
778 146 971 188 LATIN
1016 147 1281 189 READER

205 295 472 363 praesidis
519 303 688 361 pater.
770 295 1002 356 TaurUS,
1052 295 1413 346 sectatoribus
1460 296 1734 358 dimissis,¹
1782 315 1862 349 se-

204 382 366 432 debat
404 387 503 447 pro
541 380 777 431 cubiculi
805 388 888 430 sui
923 380 1133 432 foribus
1161 389 1216 432 et
1243 399 1368 432 cum
1397 383 1586 433 nobis²
1613 386 1862 435 sermoci-

203 468 450 518 nabatur.

277 552 527 603 Introivit
555 553 870 618 provinciae
904 569 1127 619 praeses
1161 561 1216 604 et
1251 570 1376 604 cum
1404 561 1469 605 eo
1501 563 1671 621 pater.
1752 556 1864 606 Ad-

163 655 181 690 5
204 641 433 690 surrexit
462 639 678 704 placide
703 639 923 689 Taurus
952 647 1006 690 et
1035 647 1159 705 post
1188 646 1434 690 mutuam
1477 641 1859 691 salutationem

201 725 416 776 resedit.
497 725 705 775 Adlata
733 741 858 774 mox
887 731 996 775 una
1024 726 1158 776 sella
1185 733 1282 787 est,
1315 742 1456 793 quae
1482 726 1535 776 in
1572 733 1830 793 promptu
1849 727 1864 754 ³

201 820 331 872 erat,
357 819 536 877 atque,
562 811 691 861 dum
721 811 859 862 aliae
888 811 1296 877 promebantur,
1322 813 1575 878 apposita
1602 820 1703 864 est.
1777 813 1864 863 In-

200 899 391 948 vitavit
430 898 647 947 Taurus
687 905 899 962 patrem
940 897 1208 963 praesidis
1248 905 1328 948 uti
1366 898 1596 949 sederet.
1675 899 1864 965 Atque

201 985 291 1035 ille
338 985 444 1034 ait:
525 983 779 1035 “Sedeat
832 984 918 1034 hic
971 983 1191 1049 potiUS,‘²
1242 990 1337 1050 qui
1388 985 1580 1050 populi
1628 986 1863 1035 Romani

121 1091 169 1114 10
203 1071 556 1136 magistratus
626 1070 761 1121 est.”
860 1069 1136 1137 “Absque
1204 1071 1621 1136 praeiudici6,⁵''
1689 1070 1864 1137 inquit

201 1158 432 1218 TaurUS‚
490 1160 595 1207 “tu
648 1155 856 1207 interca
909 1156 1053 1217 sede,
1101 1156 1231 1207 dum
1283 1157 1605 1222 inspicimus
1657 1158 1864 1223 quaeri-

200 1259 432 1309 musque
469 1250 650 1293 utrum
689 1243 1015 1293 conveniat⁶
1050 1248 1104 1293 te
1139 1243 1321 1308 potius
1351 1243 1557 1304 sedere,
1589 1249 1681 1309 qui
1710 1251 1864 1309 pater

200 1347 273 1390 eS,
323 1347 393 1380 an
445 1329 639 1390 filium,
688 1335 780 1395 qui
828 1327 1181 1394 magistratus
1228 1329 1362 1380 est.’'
1451 1329 1523 1379 Et
1569 1328 1662 1378 ubi
1709 1337 1864 1395 pater

201 1416 414 1467 adsedit
466 1415 892 1482 appositumque
944 1423 1028 1465 est
1086 1415 1231 1465 aliud
1294 1415 1410 1465 filio
1470 1431 1689 1482 quoque
1749 1414 1865 1466 eius

139 1525 180 1560 15
201 1503 384 1565 sedile,
426 1503 592 1554 verba
633 1519 800 1568 super
839 1506 905 1552 ea
944 1507 1003 1551 re
1040 1501 1259 1552 Taurus
1299 1502 1446 1552 facit.

274 1591 478 1640 Eorum
502 1589 793 1640 verborum
823 1588 1098 1638 sententia
1126 1588 1261 1639 haec
1300 1589 1321 1637 f
1330 1587 1467 1639 uit⁷z
1534 1587 1603 1637 In
1632 1587 1864 1653 publicis

201 1677 331 1727 locis
404 1685 568 1743 atque
648 1674 966 1726 mfineribus
1032 1682 1197 1741 atque
1266 1673 1573 1724 actionibus
1645 1682 1862 1740 patrum

261 1798 298 1823 1.
344 1781 638 1823 sectatoribus
756 1779 957 1822 dimissis
976 1793 984 1820 :
1072 1777 1266 1835 judging
1283 1778 1359 1821 the
1377 1777 1588 1834 question
1605 1791 1671 1820 we
1694 1791 1769 1820 are
1786 1792 1864 1834 go-

197 1856 376 1911 leaving
413 1853 652 1896 dismissed
698 1852 769 1894 lzis
812 1850 986 1908 pupils,
1075 1850 1155 1908 ing
1177 1858 1222 1894 to
1246 1851 1437 1894 discuss.

198 1928 410 1971 Ablative
432 1926 669 1969 Absolute.
1147 1928 1186 1964 6.
1243 1925 1426 1965 utrum
1531 1922 1861 1964 conveniat:

256 2016 296 2042 2.
342 2012 442 2042 cum
505 1999 658 2040 nobis:
726 1996 839 2040 with
900 2009 983 2038 me.
1073 1995 1270 2038 whether
1303 1997 1338 2037 it
1371 1997 1410 2036 is
1431 1996 1608 2050 fitting,
1644 2008 1703 2035 an
1743 1993 1866 2053 Indi-

199 2074 299 2116 The
336 2071 479 2128 plural
513 2071 564 2114 of
595 2071 672 2114 the
709 2082 916 2125 pronoun
950 2068 986 2110 is
1073 2075 1164 2111 rect
1189 2067 1424 2123 Question.
1492 2067 1592 2108 The
1618 2065 1791 2122 subject
1821 2065 1870 2107 of

199 2145 459 2189 sometimes
501 2143 613 2186 used
656 2144 701 2184 in
749 2141 894 2194 Latin,
936 2154 985 2182 as
1072 2142 1310 2182 conveniat
1344 2139 1382 2181 is
1419 2139 1496 2181 the
1529 2138 1751 2180 infinitive
1783 2137 1865 2180 fol-

198 2220 244 2261 in
296 2217 506 2274 English,
559 2223 606 2258 to
669 2215 836 2257 denote
897 2226 986 2255 one
1072 2212 1253 2268 lowing.

198 2304 380 2347 person.
1147 2299 1185 2336 7.
1229 2285 1469 2338 sententia,
1502 2290 1618 2327 etc:
1656 2282 1731 2325 tlte
1765 2283 1864 2325 sub-

257 2378 296 2415 3.
344 2365 391 2404 in
413 2363 647 2414 prbmptfi:
683 2364 733 2402 at
753 2358 894 2400 hand.
1071 2364 1223 2400 stance
1243 2358 1301 2415 of
1312 2357 1433 2399 those
1458 2356 1612 2399 words
1637 2357 1676 2397 is
1705 2354 1863 2411 assol-

255 2450 296 2486 4.
342 2439 498 2478 sedeat
555 2438 626 2477 hic
682 2436 859 2487 potius:
927 2431 984 2472 let
1072 2430 1195 2472 lows.
1260 2430 1362 2472 The
1383 2435 1634 2485 argument,
1653 2441 1702 2469 as
1725 2426 1791 2469 far
1812 2441 1903 2471 as}

196 2507 286 2550 this
307 2520 416 2548 man
439 2504 601 2547 rather
620 2503 723 2545 take
743 2502 814 2544 tlze
834 2506 944 2543 seat.
1074 2506 1245 2556 exoriri,
1294 2502 1330 2544 is
1382 2502 1518 2558 given
1572 2500 1616 2542 in
1670 2499 1861 2541 indirect

256 2592 296 2630 5.
342 2581 509 2630 absque
530 2576 828 2629 praeiudicio:
854 2573 986 2615 witlz-
1073 2575 1212 2627 form3
1261 2574 1358 2616 that
1381 2573 1433 2626 is,
1456 2573 1501 2614 in
1527 2571 1725 2615 Indirect
1758 2571 1862 2612 Dis-

196 2654 273 2692 out
297 2646 546 2705 prejudice,
578 2646 651 2686 i.e.
679 2643 866 2685 without
889 2657 985 2698 pre·
1073 2655 1245 2684 course.

1901 2572 1903 2585 l

1901 2589 1903 2614 l

1901 2615 1903 2627 Ι

1900 2629 1903 2728 l
