<?xml version="1.0" encoding="UTF-8"?>
<!DOCTYPE html PUBLIC "-//W3C//DTD XHTML 1.0 Transitional//EN"
    "http://www.w3.org/TR/xhtml1/DTD/xhtml1-transitional.dtd">
<html xmlns="http://www.w3.org/1999/xhtml" xml:lang="en" lang="en">
 <head>
  <title>
</title>
<meta http-equiv="Content-Type" content="text/html;charset=utf-8" />
  <meta name='ocr-system' content='tesseract 3.04.00' />
  <meta name='ocr-capabilities' content='ocr_page ocr_carea ocr_par ocr_line ocrx_word'/>
</head>
<body>
  <div class='ocr_page' id='page_1' title='image "./latinreadereasys00gall_0023.png"; bbox 0 0 1861 3007; ppageno 0'>
   <div class='ocr_carea' id='block_1_1' title="bbox 0 1007 3 1881">
    <p class='ocr_par' dir='ltr' id='par_1_1' title="bbox 0 1007 3 1881">
     <span class='ocr_line' id='line_1_1' title="bbox 0 1007 3 1881; baseline 0 0"><span class='ocrx_word' id='word_1_1' title='bbox 0 1007 3 1881; x_wconf 95' lang='lat' dir='ltr'> </span> 
     </span>
    </p>
   </div>
   <div class='ocr_carea' id='block_1_2' title="bbox 606 183 1694 241">
    <p class='ocr_par' dir='ltr' id='par_1_2' title="bbox 606 183 1694 241">
     <span class='ocr_line' id='line_1_2' title="bbox 606 183 1694 241; baseline 0.002 -17"><span class='ocrx_word' id='word_1_2' title='bbox 606 183 799 224; x_wconf 86' lang='lat' dir='ltr'><strong>LATIN</strong></span> <span class='ocrx_word' id='word_1_3' title='bbox 844 183 1111 225; x_wconf 81' lang='lat' dir='ltr'><strong>READER</strong></span> <span class='ocrx_word' id='word_1_4' title='bbox 1635 187 1694 241; x_wconf 91' lang='lat'>17</span> 
     </span>
    </p>
   </div>
   <div class='ocr_carea' id='block_1_3' title="bbox 274 374 1459 453">
    <p class='ocr_par' dir='ltr' id='par_1_3' title="bbox 274 374 1459 453">
     <span class='ocr_line' id='line_1_3' title="bbox 274 374 1459 453; baseline -0.003 -20"><span class='ocrx_word' id='word_1_5' title='bbox 274 379 360 434; x_wconf 84' lang='lat'>18.</span> <span class='ocrx_word' id='word_1_6' title='bbox 420 376 676 453; x_wconf 65' lang='lat' dir='ltr'>Lz&#39;bemjy</span> <span class='ocrx_word' id='word_1_7' title='bbox 721 375 942 432; x_wconf 71' lang='lat' dir='ltr'>Beller</span> <span class='ocrx_word' id='word_1_8' title='bbox 984 375 1140 432; x_wconf 70' lang='lat' dir='ltr'>llum</span> <span class='ocrx_word' id='word_1_9' title='bbox 1184 374 1459 451; x_wconf 72' lang='lat' dir='ltr'>Luxury</span> 
     </span>
    </p>
   </div>
   <div class='ocr_carea' id='block_1_4' title="bbox 24 509 1761 1526">
    <p class='ocr_par' dir='ltr' id='par_1_4' title="bbox 24 509 1761 1526">
     <span class='ocr_line' id='line_1_4' title="bbox 104 509 1692 579; baseline -0.001 -16"><span class='ocrx_word' id='word_1_10' title='bbox 104 513 313 578; x_wconf 83' lang='lat' dir='ltr'><strong>LupuS,</strong></span> <span class='ocrx_word' id='word_1_11' title='bbox 344 519 436 579; x_wconf 83' lang='lat' dir='ltr'>qui</span> <span class='ocrx_word' id='word_1_12' title='bbox 475 527 669 562; x_wconf 91' lang='lat' dir='ltr'>canem</span> <span class='ocrx_word' id='word_1_13' title='bbox 709 509 852 562; x_wconf 92' lang='lat' dir='ltr'>bene</span> <span class='ocrx_word' id='word_1_14' title='bbox 893 516 1209 576; x_wconf 67' lang='lat' dir='ltr'>saginatum</span> <span class='ocrx_word' id='word_1_15' title='bbox 1244 510 1483 572; x_wconf 77' lang='lat' dir='ltr'>videbat,</span> <span class='ocrx_word' id='word_1_16' title='bbox 1519 510 1692 562; x_wconf 72' lang='lat' dir='ltr'>excla-</span> 
     </span>
     <span class='ocr_line' id='line_1_5' title="bbox 28 596 1691 664; baseline -0.001 -15"><span class='ocrx_word' id='word_1_17' title='bbox 28 599 227 649; x_wconf 70' lang='lat' dir='ltr'>mavit:</span> <span class='ocrx_word' id='word_1_18' title='bbox 271 597 546 664; x_wconf 78' lang='lat' dir='ltr'>“Quanta</span> <span class='ocrx_word' id='word_1_19' title='bbox 585 605 670 647; x_wconf 86' lang='lat' dir='ltr'>est</span> <span class='ocrx_word' id='word_1_20' title='bbox 709 604 805 647; x_wconf 92' lang='lat' dir='ltr'>tua</span> <span class='ocrx_word' id='word_1_21' title='bbox 845 596 1147 647; x_wconf 74' lang='lat' dir='ltr'>felicitas¹l</span> <span class='ocrx_word' id='word_1_22' title='bbox 1226 597 1312 646; x_wconf 71' lang='lat' dir='ltr'>Ta</span> <span class='ocrx_word' id='word_1_23' title='bbox 1355 597 1500 647; x_wconf 76' lang='lat' dir='ltr'>laute</span> <span class='ocrx_word' id='word_1_24' title='bbox 1537 596 1691 659; x_wconf 87' lang='lat' dir='ltr'>vivis,</span> 
     </span>
     <span class='ocr_line' id='line_1_6' title="bbox 27 681 1694 749; baseline -0.002 -14"><span class='ocrx_word' id='word_1_25' title='bbox 27 693 84 736; x_wconf 90' lang='lat' dir='ltr'>at</span> <span class='ocrx_word' id='word_1_26' title='bbox 104 701 209 749; x_wconf 91' lang='lat' dir='ltr'>ego</span> <span class='ocrx_word' id='word_1_27' title='bbox 231 683 410 733; x_wconf 79' lang='lat' dir='ltr'>fame²</span> <span class='ocrx_word' id='word_1_28' title='bbox 439 683 664 733; x_wconf 78' lang='lat' dir='ltr'>enecor!</span> <span class='ocrx_word' id='word_1_29' title='bbox 692 683 720 701; x_wconf 92' lang='lat'>&#39;’</span> <span class='ocrx_word' id='word_1_30' title='bbox 803 681 1114 748; x_wconf 85' lang='lat' dir='ltr'>Respondit</span> <span class='ocrx_word' id='word_1_31' title='bbox 1141 683 1292 733; x_wconf 88' lang='lat' dir='ltr'>canis</span> <span class='ocrx_word' id='word_1_32' title='bbox 1315 699 1326 733; x_wconf 77' lang='grc' dir='ltr'>ε</span> <span class='ocrx_word' id='word_1_33' title='bbox 1371 683 1562 734; x_wconf 83' lang='lat' dir='ltr'>“Veni</span> <span class='ocrx_word' id='word_1_34' title='bbox 1589 688 1694 733; x_wconf 72' lang='lat' dir='ltr'>me-</span> 
     </span>
     <span class='ocr_line' id='line_1_7' title="bbox 27 768 1689 841; baseline -0.001 -20"><span class='ocrx_word' id='word_1_35' title='bbox 27 786 152 822; x_wconf 90' lang='lat' dir='ltr'>cum</span> <span class='ocrx_word' id='word_1_36' title='bbox 173 770 189 797; x_wconf 83' lang='lat'><strong>³</strong></span> <span class='ocrx_word' id='word_1_37' title='bbox 232 770 288 820; x_wconf 93' lang='lat' dir='ltr'>in</span> <span class='ocrx_word' id='word_1_38' title='bbox 335 769 557 831; x_wconf 84' lang='lat' dir='ltr'>urbem3</span> <span class='ocrx_word' id='word_1_39' title='bbox 626 768 702 819; x_wconf 93' lang='lat' dir='ltr'>ibi</span> <span class='ocrx_word' id='word_1_40' title='bbox 753 769 986 820; x_wconf 88' lang='lat' dir='ltr'>eandem</span> <span class='ocrx_word' id='word_1_41' title='bbox 1030 768 1353 819; x_wconf 73' lang='lat' dir='ltr'>felicitatem</span> <span class='ocrx_word' id='word_1_42' title='bbox 1411 768 1689 841; x_wconf 76' lang='lat' dir='ltr'>habebiS.&#39;&#39;</span> 
     </span>
     <span class='ocr_line' id='line_1_8' title="bbox 29 854 1732 923; baseline -0.001 -16"><span class='ocrx_word' id='word_1_43' title='bbox 29 857 222 923; x_wconf 89' lang='lat' dir='ltr'>Lupus</span> <span class='ocrx_word' id='word_1_44' title='bbox 244 855 622 907; x_wconf 76' lang='lat' dir='ltr'>condicionem</span> <span class='ocrx_word' id='word_1_45' title='bbox 646 856 876 921; x_wconf 76' lang='lat' dir='ltr'>accepit,</span> <span class='ocrx_word' id='word_1_46' title='bbox 903 862 957 906; x_wconf 91' lang='lat' dir='ltr'>et</span> <span class='ocrx_word' id='word_1_47' title='bbox 980 854 1119 905; x_wconf 62' lang='lat' dir='ltr'>fine-1⁴</span> <span class='ocrx_word' id='word_1_48' title='bbox 1138 856 1242 906; x_wconf 91' lang='lat' dir='ltr'>iter</span> <span class='ocrx_word' id='word_1_49' title='bbox 1263 855 1490 906; x_wconf 78' lang='lat' dir='ltr'>faciunt.</span> <span class='ocrx_word' id='word_1_50' title='bbox 1559 855 1693 905; x_wconf 86' lang='lat' dir='ltr'>Ani·</span> <span class='ocrx_word' id='word_1_51' title='bbox 1714 871 1732 907; x_wconf 85' lang='grc'><em>5</em></span> 
     </span>
     <span class='ocr_line' id='line_1_9' title="bbox 27 941 1692 1009; baseline -0.001 -15"><span class='ocrx_word' id='word_1_52' title='bbox 27 943 319 994; x_wconf 88' lang='lat' dir='ltr'>madvertit</span> <span class='ocrx_word' id='word_1_53' title='bbox 337 942 354 969; x_wconf 87' lang='lat'>⁵</span> <span class='ocrx_word' id='word_1_54' title='bbox 380 942 544 1009; x_wconf 89' lang='lat' dir='ltr'><strong>lupus</strong></span> <span class='ocrx_word' id='word_1_55' title='bbox 572 942 625 992; x_wconf 90' lang='lat' dir='ltr'>in</span> <span class='ocrx_word' id='word_1_56' title='bbox 656 941 798 993; x_wconf 74' lang='lat' dir='ltr'>collo</span> <span class='ocrx_word' id='word_1_57' title='bbox 826 943 978 992; x_wconf 84' lang='lat' dir='ltr'>canis</span> <span class='ocrx_word' id='word_1_58' title='bbox 1006 948 1222 992; x_wconf 75' lang='lat' dir='ltr'>attritos</span> <span class='ocrx_word' id='word_1_59' title='bbox 1253 942 1409 1008; x_wconf 76' lang='lat' dir='ltr'>pilos,</span> <span class='ocrx_word' id='word_1_60' title='bbox 1493 946 1522 967; x_wconf 82' lang='lat'>‘⁴</span> <span class='ocrx_word' id='word_1_61' title='bbox 1543 941 1692 1009; x_wconf 81' lang='lat' dir='ltr'>Quid</span> 
     </span>
     <span class='ocr_line' id='line_1_10' title="bbox 27 1028 1694 1096; baseline -0.001 -16"><span class='ocrx_word' id='word_1_62' title='bbox 27 1029 131 1081; x_wconf 91' lang='lat' dir='ltr'>hoc</span> <span class='ocrx_word' id='word_1_63' title='bbox 159 1037 243 1081; x_wconf 87' lang='lat' dir='ltr'>est</span> <span class='ocrx_word' id='word_1_64' title='bbox 263 1029 322 1079; x_wconf 91' lang='lat'>?”</span> <span class='ocrx_word' id='word_1_65' title='bbox 353 1029 542 1096; x_wconf 89' lang='lat' dir='ltr'>inquit.</span> <span class='ocrx_word' id='word_1_66' title='bbox 614 1033 644 1054; x_wconf 92' lang='lat'><strong>“</strong></span> <span class='ocrx_word' id='word_1_67' title='bbox 669 1029 818 1079; x_wconf 91' lang='lat' dir='ltr'>Num</span> <span class='ocrx_word' id='word_1_68' title='bbox 841 1028 1031 1094; x_wconf 90' lang='lat' dir='ltr'>iugum</span> <span class='ocrx_word' id='word_1_69' title='bbox 1063 1029 1301 1079; x_wconf 74' lang='lat' dir='ltr'>sustines</span> <span class='ocrx_word' id='word_1_70' title='bbox 1326 1028 1343 1078; x_wconf 90' lang='lat'>?</span> <span class='ocrx_word' id='word_1_71' title='bbox 1411 1028 1557 1078; x_wconf 90' lang='lat' dir='ltr'>Nam</span> <span class='ocrx_word' id='word_1_72' title='bbox 1586 1044 1694 1079; x_wconf 91' lang='lat' dir='ltr'>cer-</span> 
     </span>
     <span class='ocr_line' id='line_1_11' title="bbox 25 1113 1693 1182; baseline -0.001 -16"><span class='ocrx_word' id='word_1_73' title='bbox 25 1123 112 1166; x_wconf 83' lang='lat' dir='ltr'>vix</span> <span class='ocrx_word' id='word_1_74' title='bbox 134 1123 228 1166; x_wconf 87' lang='lat' dir='ltr'>tua</span> <span class='ocrx_word' id='word_1_75' title='bbox 249 1115 441 1182; x_wconf 87' lang='lat' dir='ltr'>glabra</span> <span class='ocrx_word' id='word_1_76' title='bbox 463 1115 598 1166; x_wconf 88' lang='lat' dir='ltr'>est.’&#39;</span> <span class='ocrx_word' id='word_1_77' title='bbox 654 1119 684 1140; x_wconf 84' lang='lat'>‘⁴</span> <span class='ocrx_word' id='word_1_78' title='bbox 707 1114 859 1166; x_wconf 91' lang='lat' dir='ltr'>Nihil</span> <span class='ocrx_word' id='word_1_79' title='bbox 882 1114 1017 1175; x_wconf 87' lang='lat' dir='ltr'>est,&#39;&#39;</span> <span class='ocrx_word' id='word_1_80' title='bbox 1038 1114 1326 1180; x_wconf 84' lang='lat' dir='ltr'>respondit</span> <span class='ocrx_word' id='word_1_81' title='bbox 1346 1113 1514 1175; x_wconf 81' lang='lat' dir='ltr'>caniS‚</span> <span class='ocrx_word' id='word_1_82' title='bbox 1544 1119 1572 1139; x_wconf 83' lang='lat'>‘⁴</span> <span class='ocrx_word' id='word_1_83' title='bbox 1596 1114 1693 1166; x_wconf 86' lang='lat' dir='ltr'>sed</span> 
     </span>
     <span class='ocr_line' id='line_1_12' title="bbox 25 1200 1694 1268; baseline 0 -16"><span class='ocrx_word' id='word_1_84' title='bbox 25 1200 261 1253; x_wconf 76' lang='lat' dir='ltr'>interdiu</span> <span class='ocrx_word' id='word_1_85' title='bbox 293 1208 380 1252; x_wconf 73' lang='lat' dir='ltr'>me</span> <span class='ocrx_word' id='word_1_86' title='bbox 407 1202 650 1268; x_wconf 82' lang='lat' dir='ltr'>alligant,</span> <span class='ocrx_word' id='word_1_87' title='bbox 682 1209 741 1252; x_wconf 91' lang='lat' dir='ltr'>ut</span> <span class='ocrx_word' id='word_1_88' title='bbox 768 1206 934 1252; x_wconf 72' lang='lat' dir='ltr'>noctu</span> <span class='ocrx_word' id='word_1_89' title='bbox 965 1200 1096 1252; x_wconf 74' lang='lat' dir='ltr'>sim⁶</span> <span class='ocrx_word' id='word_1_90' title='bbox 1121 1200 1453 1267; x_wconf 80' lang='lat' dir='ltr'>vigilantior.</span> <span class='ocrx_word' id='word_1_91' title='bbox 1535 1201 1694 1252; x_wconf 88' lang='lat' dir='ltr'>Haec</span> 
     </span>
     <span class='ocr_line' id='line_1_13' title="bbox 26 1287 1761 1354; baseline -0.003 -15"><span class='ocrx_word' id='word_1_92' title='bbox 26 1295 155 1339; x_wconf 88' lang='lat' dir='ltr'>sunt</span> <span class='ocrx_word' id='word_1_93' title='bbox 193 1289 427 1353; x_wconf 80' lang='lat' dir='ltr'>vestigia</span> <span class='ocrx_word' id='word_1_94' title='bbox 466 1288 683 1338; x_wconf 72' lang='lat' dir='ltr'>collaris</span> <span class='ocrx_word' id='word_1_95' title='bbox 724 1287 871 1354; x_wconf 90' lang='lat' dir='ltr'>quod</span> <span class='ocrx_word' id='word_1_96' title='bbox 911 1287 966 1337; x_wconf 93' lang='lat' dir='ltr'>in</span> <span class='ocrx_word' id='word_1_97' title='bbox 1007 1294 1279 1338; x_wconf 78' lang='lat' dir='ltr'>cervicem</span> <span class='ocrx_word' id='word_1_98' title='bbox 1321 1303 1501 1338; x_wconf 89' lang='lat' dir='ltr'>meam</span> <span class='ocrx_word' id='word_1_99' title='bbox 1546 1288 1695 1353; x_wconf 76' lang='lat' dir='ltr'>poni·</span> <span class='ocrx_word' id='word_1_100' title='bbox 1717 1310 1761 1334; x_wconf 89' lang='lat'>10</span> 
     </span>
     <span class='ocr_line' id='line_1_14' title="bbox 24 1373 1695 1441; baseline 0.001 -17"><span class='ocrx_word' id='word_1_101' title='bbox 24 1374 164 1425; x_wconf 91' lang='lat' dir='ltr'>tur.&#39;’</span> <span class='ocrx_word' id='word_1_102' title='bbox 242 1375 386 1424; x_wconf 89' lang='lat' dir='ltr'>Tum</span> <span class='ocrx_word' id='word_1_103' title='bbox 419 1373 615 1439; x_wconf 86' lang='lat' dir='ltr'><strong>lupus:</strong></span> <span class='ocrx_word' id='word_1_104' title='bbox 659 1378 687 1398; x_wconf 92' lang='lat'><strong>“</strong></span> <span class='ocrx_word' id='word_1_105' title='bbox 708 1374 861 1434; x_wconf 80' lang='lat' dir='ltr'>Vale,</span> <span class='ocrx_word' id='word_1_106' title='bbox 886 1380 1075 1425; x_wconf 81' lang='lat' dir='ltr'>amice.</span> <span class='ocrx_word' id='word_1_107' title='bbox 1158 1373 1287 1424; x_wconf 77' lang='lat' dir='ltr'>Non</span> <span class='ocrx_word' id='word_1_108' title='bbox 1315 1373 1482 1424; x_wconf 86' lang='lat' dir='ltr'>mihi⁷</span> <span class='ocrx_word' id='word_1_109' title='bbox 1509 1373 1695 1441; x_wconf 90' lang='lat' dir='ltr'>placet</span> 
     </span>
     <span class='ocr_line' id='line_1_15' title="bbox 25 1459 855 1526; baseline 0 -16"><span class='ocrx_word' id='word_1_110' title='bbox 25 1459 261 1512; x_wconf 72' lang='lat' dir='ltr'>felicitas</span> <span class='ocrx_word' id='word_1_111' title='bbox 291 1459 555 1511; x_wconf 76' lang='lat' dir='ltr'>servitute</span> <span class='ocrx_word' id='word_1_112' title='bbox 584 1459 808 1526; x_wconf 76' lang='lat' dir='ltr'>empta.⁸</span> <span class='ocrx_word' id='word_1_113' title='bbox 827 1459 855 1478; x_wconf 93' lang='lat'>&#39;&#39;</span> 
     </span>
    </p>
   </div>
   <div class='ocr_carea' id='block_1_5' title="bbox 118 1713 1613 1791">
    <p class='ocr_par' dir='ltr' id='par_1_5' title="bbox 118 1713 1613 1791">
     <span class='ocr_line' id='line_1_16' title="bbox 118 1713 1613 1791; baseline 0.001 -18"><span class='ocrx_word' id='word_1_114' title='bbox 118 1735 206 1791; x_wconf 87' lang='lat'>19.</span> <span class='ocrx_word' id='word_1_115' title='bbox 291 1715 504 1775; x_wconf 74' lang='lat' dir='ltr'>Brave</span> <span class='ocrx_word' id='word_1_116' title='bbox 548 1716 616 1775; x_wconf 65' lang='grc' dir='ltr'>ἶφι</span> <span class='ocrx_word' id='word_1_117' title='bbox 668 1715 723 1774; x_wconf 85' lang='lat' dir='ltr'><em>C</em></span> <span class='ocrx_word' id='word_1_118' title='bbox 719 1714 946 1784; x_wconf 64' lang='lat' dir='ltr'>mansel,</span> <span class='ocrx_word' id='word_1_119' title='bbox 1005 1713 1225 1774; x_wconf 79' lang='lat' dir='ltr'>Tz&#39;mz‘d</span> <span class='ocrx_word' id='word_1_120' title='bbox 1262 1715 1332 1775; x_wconf 64' lang='grc' dir='ltr'>ἶφι</span> <span class='ocrx_word' id='word_1_121' title='bbox 1376 1715 1442 1773; x_wconf 83' lang='lat' dir='ltr'><em>A</em></span> <span class='ocrx_word' id='word_1_122' title='bbox 1451 1716 1613 1775; x_wconf 77' lang='lat' dir='ltr'>ctz&#39;on</span> 
     </span>
    </p>
   </div>
   <div class='ocr_carea' id='block_1_6' title="bbox 25 1854 1763 2094">
    <p class='ocr_par' dir='ltr' id='par_1_6' title="bbox 25 1854 1763 2094">
     <span class='ocr_line' id='line_1_17' title="bbox 103 1854 1697 1922; baseline 0.001 -17"><span class='ocrx_word' id='word_1_123' title='bbox 103 1855 292 1905; x_wconf 75' lang='lat' dir='ltr'>Mures</span> <span class='ocrx_word' id='word_1_124' title='bbox 333 1854 630 1921; x_wconf 76' lang='lat' dir='ltr'>aliquando</span> <span class='ocrx_word' id='word_1_125' title='bbox 669 1855 963 1905; x_wconf 89' lang='lat' dir='ltr'>concilium</span> <span class='ocrx_word' id='word_1_126' title='bbox 1010 1854 1305 1916; x_wconf 75' lang='lat' dir='ltr'>habebant,</span> <span class='ocrx_word' id='word_1_127' title='bbox 1354 1872 1482 1905; x_wconf 90' lang='lat' dir='ltr'>nam</span> <span class='ocrx_word' id='word_1_128' title='bbox 1530 1872 1697 1922; x_wconf 88' lang='lat' dir='ltr'>quan·</span> 
     </span>
     <span class='ocr_line' id='line_1_18' title="bbox 26 1939 1697 2013; baseline 0.001 -22"><span class='ocrx_word' id='word_1_129' title='bbox 26 1939 190 1991; x_wconf 84' lang='lat' dir='ltr'>dam⁹</span> <span class='ocrx_word' id='word_1_130' title='bbox 230 1940 411 2002; x_wconf 77' lang='lat' dir='ltr'>felem,</span> <span class='ocrx_word' id='word_1_131' title='bbox 454 1958 595 2007; x_wconf 90' lang='lat' dir='ltr'>quae</span> <span class='ocrx_word' id='word_1_132' title='bbox 634 1946 885 1990; x_wconf 69' lang='lat' dir='ltr'>venatrix</span> <span class='ocrx_word' id='word_1_133' title='bbox 938 1948 1116 2006; x_wconf 80' lang='lat' dir='ltr'>perita</span> <span class='ocrx_word' id='word_1_134' title='bbox 1168 1949 1302 2003; x_wconf 85' lang='lat' dir='ltr'>erat,</span> <span class='ocrx_word' id='word_1_135' title='bbox 1358 1958 1697 2013; x_wconf 74' lang='lat' dir='ltr'>magnopere</span> 
     </span>
     <span class='ocr_line' id='line_1_19' title="bbox 25 2026 1763 2094; baseline 0 -18"><span class='ocrx_word' id='word_1_136' title='bbox 25 2026 311 2077; x_wconf 74' lang='lat' dir='ltr'>timebant.</span> <span class='ocrx_word' id='word_1_137' title='bbox 394 2027 574 2078; x_wconf 90' lang='lat' dir='ltr'>Multa</span> <span class='ocrx_word' id='word_1_138' title='bbox 612 2026 841 2077; x_wconf 77' lang='lat' dir='ltr'>consilia</span> <span class='ocrx_word' id='word_1_139' title='bbox 887 2028 1170 2094; x_wconf 75' lang='lat' dir='ltr'>proposita</span> <span class='ocrx_word' id='word_1_140' title='bbox 1212 2035 1353 2089; x_wconf 88' lang='lat' dir='ltr'>sunt,</span> <span class='ocrx_word' id='word_1_141' title='bbox 1397 2028 1495 2079; x_wconf 90' lang='lat' dir='ltr'>sed</span> <span class='ocrx_word' id='word_1_142' title='bbox 1539 2029 1698 2078; x_wconf 75' lang='lat' dir='ltr'>muri·</span> <span class='ocrx_word' id='word_1_143' title='bbox 1721 2050 1763 2086; x_wconf 87' lang='lat'>15</span> 
     </span>
    </p>
   </div>
   <div class='ocr_carea' id='block_1_7' title="bbox 26 2173 1701 2733">
    <p class='ocr_par' dir='ltr' id='par_1_7' title="bbox 26 2173 1701 2733">
     <span class='ocr_line' id='line_1_20' title="bbox 88 2173 1701 2232; baseline 0.002 -17"><span class='ocrx_word' id='word_1_144' title='bbox 88 2187 126 2215; x_wconf 94' lang='lat'>1.</span> <span class='ocrx_word' id='word_1_145' title='bbox 162 2173 284 2230; x_wconf 79' lang='lat' dir='ltr'>good</span> <span class='ocrx_word' id='word_1_146' title='bbox 287 2175 498 2231; x_wconf 82' lang='lat' dir='ltr'>fortune.</span> <span class='ocrx_word' id='word_1_147' title='bbox 967 2185 1007 2231; x_wconf 82' lang='lat'>5.</span> <span class='ocrx_word' id='word_1_148' title='bbox 1054 2176 1217 2217; x_wconf 79' lang='lat' dir='ltr'>notices</span> <span class='ocrx_word' id='word_1_149' title='bbox 1233 2190 1248 2226; x_wconf 87' lang='lat'>;</span> <span class='ocrx_word' id='word_1_150' title='bbox 1308 2174 1512 2232; x_wconf 83' lang='lat' dir='ltr'>literally,</span> <span class='ocrx_word' id='word_1_151' title='bbox 1563 2180 1701 2218; x_wconf 82' lang='lat' dir='ltr'>turns</span> 
     </span>
     <span class='ocr_line' id='line_1_21' title="bbox 86 2245 1361 2303; baseline 0.002 -17"><span class='ocrx_word' id='word_1_152' title='bbox 86 2259 126 2287; x_wconf 91' lang='lat'>2.</span> <span class='ocrx_word' id='word_1_153' title='bbox 172 2245 273 2289; x_wconf 89' lang='lat' dir='ltr'>The</span> <span class='ocrx_word' id='word_1_154' title='bbox 301 2260 433 2289; x_wconf 87' lang='lat' dir='ltr'><strong>cause</strong></span> <span class='ocrx_word' id='word_1_155' title='bbox 462 2246 514 2289; x_wconf 91' lang='lat' dir='ltr'>of</span> <span class='ocrx_word' id='word_1_156' title='bbox 540 2246 610 2289; x_wconf 87' lang='lat' dir='ltr'>his</span> <span class='ocrx_word' id='word_1_157' title='bbox 645 2246 819 2303; x_wconf 88' lang='lat' dir='ltr'>perish-</span> <span class='ocrx_word' id='word_1_158' title='bbox 903 2246 976 2288; x_wconf 74' lang='lat' dir='ltr'>leis</span> <span class='ocrx_word' id='word_1_159' title='bbox 1007 2249 1142 2289; x_wconf 82' lang='lat' dir='ltr'>mind</span> <span class='ocrx_word' id='word_1_160' title='bbox 1166 2248 1361 2290; x_wconf 79' lang='lat' dir='ltr'><em>toward.</em></span> 
     </span>
     <span class='ocr_line' id='line_1_22' title="bbox 26 2316 1698 2376; baseline 0.002 -17"><span class='ocrx_word' id='word_1_161' title='bbox 26 2316 121 2374; x_wconf 89' lang='lat' dir='ltr'>ing.</span> <span class='ocrx_word' id='word_1_162' title='bbox 963 2324 1004 2360; x_wconf 85' lang='lat'>6.</span> <span class='ocrx_word' id='word_1_163' title='bbox 1050 2319 1174 2362; x_wconf 90' lang='lat' dir='ltr'>Verb</span> <span class='ocrx_word' id='word_1_164' title='bbox 1198 2319 1249 2361; x_wconf 90' lang='lat' dir='ltr'>of</span> <span class='ocrx_word' id='word_1_165' title='bbox 1265 2333 1291 2361; x_wconf 88' lang='lat' dir='ltr'>a</span> <span class='ocrx_word' id='word_1_166' title='bbox 1311 2334 1505 2376; x_wconf 88' lang='lat' dir='ltr'><strong>purpose</strong></span> <span class='ocrx_word' id='word_1_167' title='bbox 1523 2320 1698 2374; x_wconf 83' lang='lat' dir='ltr'>clause3</span> 
     </span>
     <span class='ocr_line' id='line_1_23' title="bbox 86 2390 1474 2449; baseline 0.001 -18"><span class='ocrx_word' id='word_1_168' title='bbox 86 2404 124 2441; x_wconf 84' lang='lat'>3.</span> <span class='ocrx_word' id='word_1_169' title='bbox 166 2402 267 2432; x_wconf 90' lang='lat' dir='ltr'>cum</span> <span class='ocrx_word' id='word_1_170' title='bbox 309 2391 346 2433; x_wconf 87' lang='lat' dir='ltr'>is</span> <span class='ocrx_word' id='word_1_171' title='bbox 393 2392 615 2449; x_wconf 79' lang='lat' dir='ltr'>regularly</span> <span class='ocrx_word' id='word_1_172' title='bbox 643 2406 701 2434; x_wconf 91' lang='lat' dir='ltr'>an</span> <span class='ocrx_word' id='word_1_173' title='bbox 740 2405 818 2434; x_wconf 89' lang='lat' dir='ltr'>en·</span> <span class='ocrx_word' id='word_1_174' title='bbox 904 2390 1049 2434; x_wconf 83' lang='lat' dir='ltr'><strong>hence</strong></span> <span class='ocrx_word' id='word_1_175' title='bbox 1073 2391 1151 2434; x_wconf 88' lang='lat' dir='ltr'>the</span> <span class='ocrx_word' id='word_1_176' title='bbox 1174 2391 1474 2447; x_wconf 85' lang='lat' dir='ltr'><strong>subjunctive.</strong></span> 
     </span>
     <span class='ocr_line' id='line_1_24' title="bbox 27 2461 1696 2520; baseline 0.001 -15"><span class='ocrx_word' id='word_1_177' title='bbox 27 2461 148 2505; x_wconf 90' lang='lat' dir='ltr'>clitic</span> <span class='ocrx_word' id='word_1_178' title='bbox 188 2463 296 2505; x_wconf 90' lang='lat' dir='ltr'>with</span> <span class='ocrx_word' id='word_1_179' title='bbox 339 2464 416 2506; x_wconf 91' lang='lat' dir='ltr'>the</span> <span class='ocrx_word' id='word_1_180' title='bbox 458 2465 669 2520; x_wconf 85' lang='lat' dir='ltr'>personal</span> <span class='ocrx_word' id='word_1_181' title='bbox 716 2478 820 2520; x_wconf 89' lang='lat' dir='ltr'>pro·</span> <span class='ocrx_word' id='word_1_182' title='bbox 965 2477 1006 2516; x_wconf 89' lang='lat'>7.</span> <span class='ocrx_word' id='word_1_183' title='bbox 1052 2464 1253 2507; x_wconf 90' lang='lat' dir='ltr'>Indirect</span> <span class='ocrx_word' id='word_1_184' title='bbox 1280 2464 1432 2520; x_wconf 90' lang='lat' dir='ltr'><strong>object</strong></span> <span class='ocrx_word' id='word_1_185' title='bbox 1461 2464 1512 2508; x_wconf 90' lang='lat' dir='ltr'>of</span> <span class='ocrx_word' id='word_1_186' title='bbox 1533 2466 1696 2518; x_wconf 83' lang='lat' dir='ltr'>placet.</span> 
     </span>
     <span class='ocr_line' id='line_1_25' title="bbox 28 2535 1700 2593; baseline 0.002 -17"><span class='ocrx_word' id='word_1_187' title='bbox 28 2547 189 2588; x_wconf 86' lang='lat' dir='ltr'>nouns,</span> <span class='ocrx_word' id='word_1_188' title='bbox 223 2535 347 2578; x_wconf 88' lang='lat' dir='ltr'>often</span> <span class='ocrx_word' id='word_1_189' title='bbox 379 2536 485 2578; x_wconf 87' lang='lat' dir='ltr'>with</span> <span class='ocrx_word' id='word_1_190' title='bbox 523 2537 601 2579; x_wconf 91' lang='lat' dir='ltr'>the</span> <span class='ocrx_word' id='word_1_191' title='bbox 635 2536 820 2578; x_wconf 83' lang='lat' dir='ltr'>relative</span> <span class='ocrx_word' id='word_1_192' title='bbox 965 2541 1006 2578; x_wconf 90' lang='lat'>8.</span> <span class='ocrx_word' id='word_1_193' title='bbox 1053 2536 1228 2579; x_wconf 90' lang='lat' dir='ltr'>Perfect</span> <span class='ocrx_word' id='word_1_194' title='bbox 1254 2536 1489 2593; x_wconf 86' lang='lat' dir='ltr'>participle</span> <span class='ocrx_word' id='word_1_195' title='bbox 1511 2537 1564 2580; x_wconf 91' lang='lat' dir='ltr'>of</span> <span class='ocrx_word' id='word_1_196' title='bbox 1585 2539 1700 2589; x_wconf 70' lang='lat' dir='ltr'>emo,</span> 
     </span>
     <span class='ocr_line' id='line_1_26' title="bbox 28 2606 1194 2666; baseline 0.002 -19"><span class='ocrx_word' id='word_1_197' title='bbox 28 2606 119 2662; x_wconf 83' lang='lat' dir='ltr'>and</span> <span class='ocrx_word' id='word_1_198' title='bbox 141 2606 458 2664; x_wconf 84' lang='lat' dir='ltr'>interrogative</span> <span class='ocrx_word' id='word_1_199' title='bbox 480 2622 729 2665; x_wconf 83' lang='lat' dir='ltr'>pronouns.</span> <span class='ocrx_word' id='word_1_200' title='bbox 911 2609 1194 2666; x_wconf 74' lang='lat' dir='ltr'>purchased.</span> 
     </span>
     <span class='ocr_line' id='line_1_27' title="bbox 87 2681 1414 2733; baseline 0.003 -13"><span class='ocrx_word' id='word_1_201' title='bbox 87 2693 128 2730; x_wconf 85' lang='lat'>4.</span> <span class='ocrx_word' id='word_1_202' title='bbox 174 2683 285 2721; x_wconf 69' lang='lat' dir='ltr'>sina:</span> <span class='ocrx_word' id='word_1_203' title='bbox 321 2681 503 2724; x_wconf 86' lang='lat' dir='ltr'>adverb.</span> <span class='ocrx_word' id='word_1_204' title='bbox 967 2695 1006 2732; x_wconf 88' lang='lat'>9.</span> <span class='ocrx_word' id='word_1_205' title='bbox 1055 2682 1191 2723; x_wconf 88' lang='lat' dir='ltr'>From</span> <span class='ocrx_word' id='word_1_206' title='bbox 1215 2683 1414 2733; x_wconf 84' lang='lat' dir='ltr'>quidam.</span> 
     </span>
    </p>
   </div>
   <div class='ocr_carea' id='block_1_8' title="bbox 310 2770 817 2800">
    <p class='ocr_par' dir='ltr' id='par_1_8' title="bbox 310 2770 817 2800">
     <span class='ocr_line' id='line_1_28' title="bbox 310 2770 817 2800; baseline 0.004 -3"><span class='ocrx_word' id='word_1_207' title='bbox 310 2770 434 2800; x_wconf 84' lang='lat' dir='ltr'>GALL.</span> <span class='ocrx_word' id='word_1_208' title='bbox 455 2771 549 2800; x_wconf 82' lang='lat' dir='ltr'>LAT.</span> <span class='ocrx_word' id='word_1_209' title='bbox 572 2771 702 2800; x_wconf 78' lang='lat' dir='ltr'>READ.</span> <span class='ocrx_word' id='word_1_210' title='bbox 715 2783 770 2790; x_wconf 89' lang='lat'>--</span> <span class='ocrx_word' id='word_1_211' title='bbox 795 2772 817 2799; x_wconf 90' lang='lat'><strong>2</strong></span> 
     </span>
    </p>
   </div>
  </div>
 </body>
</html>
