1861 3007
611 157 804 198 LATIN
853 157 1117 197 READER
1628 152 1697 214 67

31 307 245 360 sublato
274 307 515 372 undique
544 307 598 356 in
631 312 797 354 smum
830 306 1041 356 hostem
1073 306 1181 355 tela
1211 304 1502 355 coniciunt.
1585 303 1694 355 Sed

30 393 207 445 subito
235 393 453 442 auditur
479 393 669 458 fragor
697 398 843 457 rupti
878 391 1074 457 pontis,
1106 400 1160 441 et
1188 391 1395 441 clamor
1426 391 1697 440 Romano-

29 495 147 530 rum
174 479 443 545 impetum
474 479 713 528 hostium
743 478 1016 528 sustinuit.
1096 478 1241 527 Tum
1274 476 1540 527 Horatius
1567 493 1577 526 ε

102 564 407 615 “Tiberine
461 573 632 631 pater,
688 570 743 615 te
794 581 1003 630 precor,
1058 564 1196 614 haec
1250 579 1403 613 arma
1445 570 1499 613 et
1546 563 1693 613 hunc

29 651 250 703 militem
280 651 517 718 propitio
545 651 769 701 flumine
798 651 1040 716 accipe.'’
1716 663 1735 698 5

100 739 186 789 Ita
221 744 462 788 armatus
491 737 545 788 in
575 737 817 788 Tiberim
860 737 1078 787 desiluit
1116 746 1184 797 et,
1225 736 1409 787 multis
1448 735 1693 802 superin-

27 824 334 876 cidentibus
362 824 518 885 teHS‚1
547 824 836 875 incolumis
864 824 932 874 ad
963 830 1091 874 suos
1119 822 1372 873 tranavit.

98 911 295 962 Statua
325 911 525 961 Horati
550 911 606 960 in
635 909 856 961 comitio
879 909 1057 976 posita
1075 917 1174 960 est.
1253 909 1397 975 Agri
1424 916 1692 975 quantum

27 1002 134 1048 ῡηό
161 997 247 1047 die
276 998 638 1048 circumarare
668 996 844 1063 potuit
872 1002 921 1047 ei
949 996 1137 1046 datum
1170 1003 1270 1047 est.

471 1240 562 1298 54.
649 1223 740 1280 M
733 1223 912 1280 κείω
960 1221 1249 1280 Scaevola

98 1362 390 1423 Porsenna,
451 1367 628 1428 primo
692 1361 926 1412 conatu²
990 1359 1260 1427 repulsus,
1326 1359 1566 1410 consiliis
1625 1357 1694 1409 ab
1718 1380 1761 1404 10

25 1447 439 1514 oppugnatione
504 1448 572 1498 ad
645 1447 986 1498 obsidionem
1053 1454 1242 1506 verSIS,
1298 1445 1574 1511 praesidio
1639 1444 1695 1494 in

0 1571 1 1578 κ
28 1533 272 1584 Ianiculo
302 1534 494 1595 locato,
526 1534 645 1600 ipse
671 1535 726 1584 in
757 1540 888 1599 ripiS
917 1532 1132 1583 Tiberis
1161 1540 1343 1583 castra
1372 1531 1570 1598 posuit.

97 1621 155 1672 C.
201 1620 438 1682 MuciUS,
478 1621 803 1671 adulescens
837 1618 1051 1680 nobilis,
1084 1624 1375 1685 penetrare
1411 1618 1466 1668 in
1508 1618 1694 1669 Etrus-

26 1713 211 1758 corum
252 1715 433 1758 castra
473 1706 773 1758 constituit.
859 1707 1128 1758 Senatum
1170 1706 1299 1756 adit.
1382 1705 1695 1755 “Transire

25 1793 316 1855 Tiberim‚'‘
348 1794 538 1861 inquit,
567 1799 596 1819 “
615 1802 670 1845 et
697 1793 916 1854 intrare,
949 1799 994 1843 si
1017 1799 1225 1859 potero,
1250 1799 1431 1842 castra
1454 1791 1695 1842 hostium
1720 1818 1761 1854 15

24 1881 162 1932 volo.
252 1882 538 1947 Magnum,
579 1889 624 1931 si
658 1881 713 1930 di
746 1880 950 1941 iuvant,
980 1880 1037 1930 in
1077 1881 1263 1929 animo
1303 1886 1389 1929 est
1423 1877 1694 1928 facinus.”

25 1966 357 2034 Approbant
394 1974 592 2034 patres
675 1967 886 2018 Abdito
923 1968 1069 2017 intra
1107 1973 1321 2017 vestem
1362 1965 1526 2025 ferro,
1576 1981 1697 2031 pro-

25 2053 293 2105 ficiscitur.

96 2141 209 2193 Ubi
235 2141 289 2191 in
319 2141 558 2192 hostium
588 2150 768 2193 castra
796 2143 960 2203 venit,
991 2142 1046 2191 in
1076 2140 1238 2191 turba
1278 2156 1454 2206 prope
1483 2139 1695 2205 regium

23 2227 260 2277 tribunal
330 2228 591 2278 constitit.
671 2228 755 2278 Ibi
823 2227 1159 2293 stipendium
1225 2225 1487 2276 militibus
1549 2225 1693 2275 forte
1715 2256 1761 2279 20

23 2312 269 2365 dabatur.
351 2315 570 2364 Mficius
601 2315 937 2365 Porsennam
968 2320 1201 2379 ignorat,
1223 2322 1278 2363 et
1307 2312 1542 2363 scribam
1567 2327 1690 2362 curn

98 2451 134 2478 1.
178 2439 334 2479 multis
376 2438 809 2491 superincidentibus
898 2439 1020 2479 Pons
1047 2435 1275 2479 Sublicius
1302 2435 1448 2477 which
1476 2433 1693 2476 Horatius

0 2510 151 2551 *telisz
175 2509 383 2552 Ablative
395 2509 808 2566 Absolute‚tlzouglz
896 2509 1000 2551 held
1053 2523 1103 2551 so
1158 2507 1504 2564 courageously.
1585 2508 1693 2548 Por-

0 2595 159 2637 imany
178 2585 391 2638 weapons
409 2582 507 2639 fell
533 2583 668 2624 above
697 2582 806 2623 lzz'm.
895 2595 1038 2624 senna
1061 2595 1150 2623 was
1185 2579 1442 2636 compelled
1473 2586 1521 2621 to
1545 2584 1693 2621 resort

95 2668 133 2695 2.
178 2657 319 2708 primf)
378 2657 562 2697 cfinitfi:
629 2661 674 2697 at
733 2654 809 2697 the
896 2661 942 2696 to
966 2668 992 2696 a
1019 2652 1161 2710 siege.
