1903 2946
170 157 228 192 12
741 148 933 189 LATIN

162 296 294 344 mihi
340 295 666 345 maledicit.'’

161 381 380 431 timidos
410 381 588 431 reddit
614 380 885 431 audaces}

980 148 1244 190 READER

763 295 943 360 Saepe
990 295 1141 345 locus
1193 304 1246 345 et
1299 304 1517 363 tempus
1571 297 1820 350 homines

685 597 739 651 6.
828 593 990 671 Silly
1028 594 1095 650 E
1095 595 1293 673 nmily

236 731 301 781 In
329 732 522 782 eadem
553 737 679 781 navi
706 740 863 782 erant
890 732 997 781 duo
1035 732 1298 793 homineS‚
1331 742 1424 799 qui
1463 734 1821 785 inimicissimi

160 825 330 867 erant.
385 804 550 868 Unus
570 824 756 867 eorum
776 817 792 843 ²
811 818 865 866 in
890 823 1066 883 prora,
1082 818 1219 868 alter
1237 818 1252 844 3
1273 819 1329 867 in
1348 826 1523 885 puppi
1539 820 1554 846 ⁴
1577 820 1817 871 sedebat.

120 922 138 957 5
160 902 490 969 Tempestas
530 902 728 968 ingens
770 903 919 952 orta⁵
946 912 1044 953 est.

159 989 366 1039 r'aibant.

157 1162 494 1227 gubernator
515 1178 524 1210 :
569 1166 597 1186 “
620 1161 833 1212 Prora.”

1126 903 1335 955 Omnes
1374 905 1443 954 de
1468 911 1591 972 ,vita
1630 906 1821 972 despe-

448 989 504 1039 Is
545 997 638 1055 qui
665 989 720 1038 in
750 997 924 1055 puppi
962 997 1079 1039 erat
1117 989 1540 1055 gubernatorem
1576 993 1819 1058 rogavit:

161 1079 190 1100 “
210 1076 353 1126 Utra
380 1092 508 1141 pars
525 1076 543 1103 ⁶
563 1075 717 1125 nz‘ivis
741 1077 891 1141 prius
920 1075 1304 1141 submergetur
1319 1077 1334 1103 ⁷
1356 1076 1372 1126 ?
1394 1078 1420 1095 ''

1509 1079 1821 1144 Respondit

913 1162 1055 1211 Tum
1085 1163 1174 1212 ille
1192 1162 1237 1212 8:
1285 1163 1455 1213 “Iam
1473 1164 1489 1191 ⁹
1519 1181 1664 1215 mors
1687 1165 1820 1215 mihi

156 1254 265 1298 non
282 1248 299 1274 ⁹
326 1248 558 1298 molesta
584 1256 682 1308 est,
713 1264 840 1298 nam
869 1247 1075 1298 inimici
1102 1256 1209 1298 mei
1236 1257 1467 1300 mortem
1495 1251 1743 1301 videb6.’'

484 1481 533 1538 7.
635 1464 828 1521 chen
886 1464 1134 1522 lez‘eves
1175 1464 1333 1522 Fall
1371 1465 1503 1523 Out

94 1630 136 1653 10
230 1603 356 1653 Duo
399 1603 664 1663 homines,
701 1609 794 1668 qui
838 1609 945 1652 una
964 1603 994 1629 ¹⁰

155 1688 446 1739 solitfidine
474 1689 775 1755 Conspicati
810 1698 951 1739 sunt.

154 1792 259 1841 que
277 1775 310 1801 ¹²
341 1791 465 1825 eum
508 1775 609 1825 sibi
648 1776 927 1826 vindicare
967 1776 1163 1841 coepit.

213 1929 250 1956 1.
296 1916 441 1957 reddit
498 1917 711 1957 audaces:
771 1916 939 1958 render

150 1987 261 2029 bold.
320 1988 420 2030 The
443 1987 643 2044 singular
660 1987 773 2030 form
793 1987 847 2030 of
861 1987 938 2030 the

151 2059 260 2102 verb
298 2059 334 2101 is
372 2060 482 2102 used
516 2060 708 2102 because
740 2060 817 2102 the
850 2067 937 2102 two

151 2131 349 2187 subjects
374 2132 584 2188 together
606 2132 721 2175 form
743 2146 769 2174 a
791 2132 938 2188 single

151 2203 251 2246 idea
274 2204 324 2246 of
339 2206 678 2246 circumstance.

209 2291 250 2317 2.
297 2277 510 2320 Partitive
535 2277 758 2320 Genitive.

209 2363 249 2400 3.
293 2349 365 2391 tlze
386 2350 525 2391 otlzer.

208 2437 249 2473 4.
294 2422 409 2464 This
443 2436 579 2475 noun,
603 2423 691 2466 like
729 2425 873 2475 navis,
897 2424 934 2466 is

151 2508 239 2537 one
262 2494 314 2537 of
341 2495 419 2537 the
449 2496 464 2535 i
496 2503 634 2538 stems
664 2496 761 2537 that
792 2496 933 2538 retain

151 2575 269 2609 most
291 2567 342 2609 of
358 2568 435 2610 the
458 2568 473 2608 i
495 2567 650 2610 forms.

208 2654 248 2690 5.
295 2641 432 2683 From
455 2642 581 2693 orior,
602 2643 771 2697 spring
788 2644 865 2697 up.

1032 1603 1135 1653 iter
1175 1603 1468 1664 faciebant,
1506 1604 1717 1655 asinum
1759 1606 1814 1656 in

1031 1690 1349 1740 Accurrunt
1377 1690 1504 1740 laeti
1521 1691 1547 1716 1¹
1589 1700 1643 1741 et
1678 1701 1815 1742 uter-

1243 1776 1389 1825 Dum
1428 1783 1557 1826 vero
1595 1786 1815 1828 conten-

1115 1920 1156 1957 6.
1200 1918 1301 1957 utra
1329 1927 1459 1968 pars:
1498 1916 1641 1958 wln'clz
1660 1918 1815 1973 part?

1115 2001 1155 2039 7.
1201 1990 1324 2041 prius
1351 1991 1683 2041 submergetur:
1717 1989 1817 2031 will

1018 2074 1077 2116 go
1099 2061 1386 2116 underfirsl.

1115 2139 1154 2174 8.
1199 2136 1298 2175 tum
1349 2135 1450 2175 ille:
1518 2148 1646 2177 some
1689 2134 1811 2177 word

1027 2205 1115 2248 like
1137 2208 1366 2259 respondit
1397 2206 1433 2248 is
1455 2206 1751 2249 understood.

1114 2292 1153 2329 9.
1200 2280 1291 2320 iam
1312 2281 1423 2320 non:
1460 2293 1517 2321 no
1538 2279 1706 2335 longer.

1087 2366 1152 2392 10.
1198 2352 1272 2394 An
1293 2350 1475 2404 adverb,
1498 2351 1706 2407 together.

1086 2437 1151 2465 11.
1180 2424 1395 2481 joyfully,
1462 2422 1532 2466 for
1613 2424 1808 2480 English

1025 2510 1149 2539 more
1182 2496 1305 2539 often
1336 2510 1440 2538 uses
1473 2510 1531 2538 an
1563 2496 1732 2539 adverb
1761 2496 1808 2538 in

1023 2568 1132 2611 such
1167 2568 1466 2624 expressions.

1080 2655 1144 2682 12.
1188 2641 1293 2682 eaclz
1316 2641 1373 2699 of
1385 2641 1458 2682 tlte
1477 2645 1567 2682 two
1589 2655 1640 2684 or
1660 2641 1771 2683 both.
