1903 2946
214 152 280 204 74
795 143 987 184 LATIN
1034 143 1300 184 READER

212 309 335 342 cum
379 307 555 358 aquae
590 292 778 356 inopia
817 298 963 341 esset
1005 298 1060 341 et
1096 291 1365 341 exercitus
1394 290 1481 340 siti
1508 290 1858 356 adfligeretur.

212 378 352 428 aries
382 386 458 428 eis
488 393 687 443 aquam
718 376 1129 427 demonstravit.

285 464 516 524 TaurUS,
547 468 641 529 qui
665 469 893 513 ‘sensum
928 463 1231 512 humanum
1267 462 1443 527 figura
1469 468 1612 512 tauri
1639 463 1858 514 contine

211 549 328 611 bat;
353 549 396 599 is
420 548 568 599 Iovis
586 549 737 599 iussu
761 549 1040 614 Europam
1057 549 1335 614 Agenoris
1354 548 1526 598 filiam
1544 548 1858 600 Cretamlde

174 650 192 685 5
214 636 464 701 portavit.
522 634 612 687 Ob
631 651 752 684 eam
770 651 883 685 rern
907 635 1159 700 Iuppiter
1176 635 1318 685 inter
1337 634 1517 684 sidera
1535 650 1660 685 eum
1681 633 1857 700 posuit

286 721 518 782 Gemini,
550 727 685 787 quos
715 721 805 770 alii
832 721 1117 772 Castorem
1146 728 1201 771 et
1225 720 1501 770 Pollucem
1530 720 1734 771 dicunt.

288 808 516 868 Cancer,
569 815 827 873 receptus
885 808 1027 858 inter
1088 807 1267 857 sidera
1318 807 1587 857 beneficio
1634 807 1863 858 Iunonis:-

215 894 361 961 quod
380 894 524 945 eius²
545 894 713 955 iussu,
736 910 859 944 cum
886 894 1159 944 Hercules
1183 894 1380 943 missus
1404 900 1551 943 esset
1568 899 1628 942 ut
1649 877 1874 960 hydratr

219 982 544 1041 Lernaeam,
583 997 748 1047 quam
788 986 887 1030 nos
932 988 1207 1031 excetram
1246 979 1491 1040 dicimus,
1533 979 1859 1030 interficeret

155 1089 198 1112 10
217 1068 482 1128 carcinUS‚
515 1075 607 1133 qui
637 1067 897 1117 Herculis
926 1067 1096 1132 pedes
1125 1074 1178 1116 et
1208 1071 1363 1116 crura
1401 1064 1655 1126 laniabat,
1686 1064 1860 1115 incom

216 1154 517 1204 modiorem
560 1152 802 1203 faciebat
844 1153 1003 1203 eum³
1030 1168 1195 1218 quam
1238 1151 1357 1217 ipsa
1399 1159 1632 1202 excetra.
1713 1150 1801 1202 Ob
1826 1146 1875 1202 io'

217 1240 425 1290 factum
455 1239 732 1289 carcinum
760 1240 901 1289 Iuno
927 1240 1069 1289 inter
1099 1238 1277 1288 sidera
1306 1237 1503 1303 posuit.

292 1327 423 1387 Leo,
467 1342 630 1392 quem
691 1325 964 1375 Hercules
1014 1324 1209 1375 dicitur
1251 1324 1611 1385 interfecisse,
1658 1313 1878 1390 eiusqu0'

217 1413 419 1479 pellem
485 1417 679 1477 postea
745 1418 844 1477 pro
907 1417 1230 1476 tegumento
1281 1409 1556 1461 habuisse.
1638 1390 1879 1489 Leoneng⁵

157 1527 198 1562 15
218 1499 443 1550 caelesti
471 1498 740 1564 dignitate
772 1498 913 1547 Isino
943 1505 1025 1547 est
1054 1497 1336 1547 honorata.

290 1586 481 1650 Virgo,
526 1601 690 1651 quam
733 1591 834 1634 nos
878 1582 1148 1633 Iustitiam
1192 1581 1459 1643 dicimus,‘²
1487 1581 1593 1632 fuit
1632 1598 1754 1632 cum
1796 1581 1860 1632 ho

218 1671 470 1722 minibus
554 1670 665 1722 Sed
697 1678 991 1736 postquam
1031 1670 1279 1720 homines
1317 1668 1458 1719 male
1486 1668 1671 1719 facere
1699 1672 1864 1734 coepe·

217 1766 359 1818 runt,
392 1757 643 1824 Iuppiter
671 1773 793 1807 eam
823 1756 965 1806 inter
993 1763 1152 1821 signa
1182 1755 1379 1821 posuit.

292 1844 474 1903 Libra,
506 1851 599 1910 qui
638 1849 848 1909 primus
882 1843 1079 1892 dicitur
1119 1841 1287 1891 librae
1322 1840 1539 1906 pondus
1574 1839 1864 1890 hominibm

153 1950 198 1973 20
216 1931 507 1990 invenisse,
538 1928 772 1995 ideoque
801 1928 855 1978 in
887 1944 1175 1979 numerum
1201 1927 1481 1978 stellarum
1504 1933 1758 1993 receptus
1785 1932 1862 1977 est

217 2024 271 2067 et
302 2016 468 2066 Libra
497 2023 580 2066 est
608 2015 801 2066 dictus.

292 2102 571 2168 ScorpiUS‚
626 2109 719 2168 qui
770 2101 839 2152 ad
887 2100 1187 2168 perniciem
1242 2087 1464 2151 &rionis
1483 2099 1499 2126 ⁵
1560 2105 1721 2149 natus
1783 2113 1841 2149 es

280 2289 314 2315 1.
358 2275 560 2317 Cretam:
584 2273 719 2316 Limit
732 2272 785 2316 of
802 2273 1008 2315 Motion:
1156 2286 1194 2312 2.
1239 2272 1358 2313 eius:
1394 2269 1530 2314 refers
1554 2277 1600 2312 to
1622 2271 1758 2325 Juno.
1858 2205 1882 2395 j

219 2346 376 2400 hence,
421 2361 480 2388 no
532 2346 824 2401 preposition.
907 2345 1010 2388 The
1154 2359 1194 2395 3.
1241 2344 1629 2386 incommodiorem
1689 2342 1859 2384 facieba

218 2419 334 2461 fable
371 2418 423 2461 of
449 2418 524 2460 the
559 2418 765 2473 carrying
796 2432 920 2473 away
953 2417 1001 2459 of
1096 2429 1220 2458 eum:
1257 2417 1389 2458 made
1409 2415 1505 2457 him
1527 2429 1647 2457 more
1669 2413 1850 2457 trouble.
1878 2401 1882 2475 ξ

219 2492 401 2546 Europa
425 2491 483 2546 by
502 2491 578 2533 the
597 2490 689 2532 bull
715 2490 751 2531 is
775 2505 801 2532 a
822 2505 1008 2545 person·
1153 2504 1191 2539 4.
1240 2490 1453 2530 dicimus:
1489 2488 1590 2529 call.

219 2562 417 2606 ification
442 2563 491 2606 of
518 2563 594 2605 the
619 2562 921 2605 colonization
952 2561 1003 2605 of
1154 2574 1193 2612 5.
1239 2563 1295 2603 ad
1319 2562 1559 2614 perniciem
1580 2550 1774 2602 ὄῐῑὸιιίεε
1796 2558 1869 2616 foy

219 2635 294 2677 the
319 2636 451 2678 West
475 2635 588 2678 from
612 2635 687 2678 the
712 2636 839 2677 East.
1094 2634 1166 2676 tlte
1187 2635 1463 2676 destruction
1490 2633 1550 2689 of
1575 2633 1731 2675 Orion.
1795 2631 1869 2673 Ac·
